Date;Type;Merchant/Description;Debit/Credit;Balance;
04/09/2025;PAYMENTS;**** ******* *** ****** ******* ** ******* ** ******** ******* ********* ****** ******* *;-£650.00;+£145.77;
04/09/2025;PAYMENTS;**** ******* *** ****** ******* ** ******* ** ******** ******* ********* ****** **** * ***;-£650.00;+£795.77;
04/09/2025;PAYMENT;****** ******** ******* *********** ****** **** * *******;+£1300.00;+£1445.77;
04/09/2025;DD;DIRECT DEBIT PAYMENT TO PLUM REF VQY*TB*, MANDATE NO ****;-£5.89;+£145.77;
02/09/2025;CARD PAYMENT;**** ** ********** **** ***** ***** ** **********;-£6.10;+£151.66;
01/09/2025;CARD PAYMENT;**** ** ***** **** ***** ***** ** **********;-£9.12;+£157.76;
30/08/2025;CARD PAYMENT;**** ******* ** ******* **********   ** **********;-£5.99;+£166.88;
29/08/2025;PAYMENTS;**** ******* *** ****** ******* ** **** ****** ********* ********** * ******* ** **;-£37.50;+£172.87;
29/08/2025;CARD PAYMENT;***** ******** ****** **** ***** ***** ** **********;-£3.30;+£210.37;
29/08/2025;CARD PAYMENT;**** ******* ** ***** *** ** **** ****   ** **********;-£39.96;+£213.67;
28/08/2025;CARD PAYMENT;********* **** ***** ***** ** **********;-£6.10;+£253.63;
28/08/2025;CARD PAYMENT;**** *********** **** ***** ***** ** **********;-£9.24;+£259.73;
28/08/2025;CARD PAYMENT;**** **************** **** ***** ***** ** **********;-£21.91;+£268.97;
28/08/2025;DD;DIRECT DEBIT PAYMENT TO PLUM REF VQY*TB*, MANDATE NO ****;-£6.21;+£290.88;
27/08/2025;CARD PAYMENT;********* **** ***** ***** ** **********;-£7.09;+£297.09;
27/08/2025;CARD PAYMENT;********* **** ***** ***** ** **********;-£16.80;+£304.18;
27/08/2025;CARD PAYMENT;****** **** ***** ***** ** **********;-£2.00;+£320.98;
27/08/2025;CARD PAYMENT;** **** *** *** *** **** ***** ***** ** **********;-£8.00;+£322.98;
26/08/2025;PAYMENT;****** ******** ******* ********* **** **** ******;+£8.00;+£330.98;
25/08/2025;CARD PAYMENT;******* **** ***** ***** ** **********;-£1.99;+£322.98;
25/08/2025;PAYMENTS;**** ******* *** ****** ******* ** **** ****** ********* ******* * ******* ** **;-£15.00;+£324.97;
24/08/2025;CARD PAYMENT;******* ****** **** ***** ***** ** **********;-£10.98;+£339.97;
23/08/2025;CARD PAYMENT;******* *** **** ***** ***** ** **********;-£18.50;+£350.95;
22/08/2025;CARD PAYMENT;**** **** ***** ***** ** **********;-£1.59;+£369.45;
22/08/2025;CARD PAYMENT;************ **** ***** ***** ** **********;-£13.50;+£371.04;
22/08/2025;CARD PAYMENT;******* ***** **** ***** ***** ** **********;-£15.28;+£384.54;
22/08/2025;CARD PAYMENT;**** ****** **** ***** ***** ** **********;-£18.00;+£399.82;
22/08/2025;CARD PAYMENT;****** ****** * ****** **** ***** ***** ** **********;-£9.47;+£417.82;
21/08/2025;CARD PAYMENT;***** *************** **** ***** ***** ** **********;-£12.00;+£427.29;
21/08/2025;CARD PAYMENT;**** *************** **** ***** ***** ** **********;-£40.09;+£439.29;
21/08/2025;CARD PAYMENT;**** ** ********** **** ***** ***** ** **********;-£14.18;+£479.38;
21/08/2025;CARD PAYMENT;**** ** ********** **** ***** ***** ** **********;-£0.85;+£493.56;
21/08/2025;DD;DIRECT DEBIT PAYMENT TO PLUM REF VQY*TB*, MANDATE NO ****;-£8.99;+£494.41;
20/08/2025;PAYMENTS;**** ******* *** ****** ******* ** **** ****** ********* *** **** * ******* ** **;-£1.50;+£503.40;
20/08/2025;CARD PAYMENT;********* **** ****** **** ***** ***** ** **********;-£18.00;+£504.90;
20/08/2025;CARD PAYMENT;********* **** ***** ***** ** **********;-£2.19;+£522.90;
20/08/2025;CARD PAYMENT;*** ***** ***** **** ***** ***** ** **********;-£15.90;+£525.09;
20/08/2025;CARD PAYMENT;******** **** ** ** **** ***** ***** ** **********;-£15.00;+£540.99;
20/08/2025;PAYMENTS;**** ******* *** ****** ******* ** **** ****** ********* ********* * ******* ** **;-£2.81;+£555.99;
20/08/2025;CARD PAYMENT;**** ****** **** ***** ***** ** **********;-£3.96;+£558.80;
19/08/2025;CARD PAYMENT;**** ******* ** *** ***** ********   ** **********;-£4.99;+£562.76;
19/08/2025;CARD PAYMENT;********* **** ****** **** ***** ***** ** **********;-£4.60;+£567.75;
19/08/2025;CARD PAYMENT;********* **** ****** **** ***** ***** ** **********;-£4.60;+£572.35;
19/08/2025;CARD PAYMENT;******** ******* * **** ***** ***** ** **********;-£14.10;+£576.95;
19/08/2025;CARD PAYMENT;******** ******* * **** ***** ***** ** **********;-£10.00;+£591.05;
18/08/2025;CARD PAYMENT;** ****** ****** **** ***** ***** ** **********;-£9.50;+£601.05;
18/08/2025;CARD PAYMENT;* * ****** *** **** ***** ***** ** **********;-£1.39;+£610.55;
18/08/2025;CARD PAYMENT;*************** **** ***** ***** ** **********;-£15.00;+£611.94;
18/08/2025;CARD PAYMENT;********* **** ***** * **** ***** ***** ** **********;-£3.50;+£626.94;
18/08/2025;CARD PAYMENT;**** ******* ** *** ***** ** *****   ** **********;-£4.50;+£630.44;
17/08/2025;CARD PAYMENT;***** **** ***** ***** ** **********;-£48.40;+£634.94;
17/08/2025;CARD PAYMENT;***** *** ******* *** **** ***** ***** ** **********;-£3.00;+£683.34;
17/08/2025;CARD PAYMENT;**** ** *** **** ***** ***** ** **********;-£15.92;+£686.34;
16/08/2025;CARD PAYMENT;** ***** **** ***** ***** ** **********;-£14.70;+£702.26;
16/08/2025;CARD PAYMENT;********* **** ****** **** ***** ***** ** **********;-£18.00;+£716.96;
16/08/2025;CARD PAYMENT;******** **** ***** ***** ** **********;-£22.00;+£734.96;
16/08/2025;CARD PAYMENT;** ***** **** ******** **** ***** ***** ** **********;-£16.48;+£756.96;
16/08/2025;CARD PAYMENT;* * ****** *** **** ***** ***** ** **********;-£18.53;+£773.44;
16/08/2025;CARD PAYMENT;******** *** **** ***** ***** ** **********;-£2.60;+£791.97;
15/08/2025;CARD PAYMENT;**** *************** **** ***** ***** ** **********;-£15.01;+£794.57;
15/08/2025;CARD PAYMENT;******** *** **** ***** ***** ** **********;-£4.30;+£809.58;
15/08/2025;CREDIT IN;**** **** ****** *** *** ***** ****** *******;+£651.53;+£813.88;
15/08/2025;CREDIT IN;**** **** ****** *** * *** * **** **** ********** *;+£202.51;+£162.35;
14/08/2025;CARD PAYMENT;********* **** ***** ***** ** **********;-£6.57;-£40.16;
14/08/2025;CARD PAYMENT;**** ****** **** ***** ***** ** **********;-£2.34;-£33.59;
14/08/2025;CARD PAYMENT;******* *** **** * **** ***** ***** ** **********;-£2.92;-£31.25;
14/08/2025;CARD PAYMENT;******** *** **** ***** ***** ** **********;-£2.60;-£28.33;
13/08/2025;CARD PAYMENT;**** ****** **** ***** ***** ** **********;-£10.66;-£25.73;
13/08/2025;CARD PAYMENT;**** ******* ** *** ***** *** ****   ** **********;-£2.99;-£15.07;
12/08/2025;PAYMENTS;**** ******* *** ****** ******* ** ******* ****** ********* ****** * ******* ** **;-£3.80;-£12.08;
11/08/2025;CARD PAYMENT;**** **** ***** ***** ** **********;-£8.03;-£8.28;
10/08/2025;CARD PAYMENT;**** **** ***** ***** ** **********;-£5.46;-£0.25;
09/08/2025;CREDIT IN;****** **** ******************** ** **********;+£1.12;+£5.21;
09/08/2025;CARD PAYMENT;**** *************** **** ***** ***** ** **********;-£20.04;+£4.09;
09/08/2025;CARD PAYMENT;***** ******** ***** **** ***** ***** ** **********;-£2.50;+£24.13;
09/08/2025;CARD PAYMENT;**** ******* ** ***** ***************   ** **********;-£7.99;+£26.63;
08/08/2025;CARD PAYMENT;**** ********** **** ***** ***** ** **********;-£5.93;+£34.62;
08/08/2025;CARD PAYMENT;******** *** **** ***** ***** ** **********;-£4.30;+£40.55;
07/08/2025;FOREIGN CURRENCY CONVERSION FEE;******* ******** ********** ***;-£0.03;+£44.85;
07/08/2025;CARD PAYMENT;**** ******* ** ******************** ***** **** **** ********** ** **********;-£1.13;+£44.88;
07/08/2025;CARD PAYMENT;****** **** ***** ***** ** **********;-£7.29;+£46.01;
07/08/2025;CARD PAYMENT;******** **** ******* **** ***** ***** ** **********;-£62.13;+£53.30;
07/08/2025;CARD PAYMENT;**** **** **** ***** ***** ** **********;-£14.99;+£115.43;
07/08/2025;PAYMENTS;**** ******* *** ****** ******* ** ******* ** ******** ******* ********* ****** ******* *;-£150.00;+£130.42;
07/08/2025;PAYMENT;****** ******** ******* *********** ****** **** * *******;+£150.00;+£280.42;
07/08/2025;CARD PAYMENT;**** ******* ** ****** ****   ** **********;-£2.99;+£130.42;
07/08/2025;PAYMENT;****** ******** ******* ********** **** * **** * *******;+£300.00;+£133.41;
06/08/2025;CARD PAYMENT;********************* **** ***** ***** ** **********;-£14.00;-£166.59;
06/08/2025;CARD PAYMENT;**** **** ***** ***** ** **********;-£5.93;-£152.59;
06/08/2025;CARD PAYMENT;**** ******* ** **********************   ** **********;-£109.00;-£146.66;
05/08/2025;PAYMENTS;**** ******* *** ****** ******* ** ******* ****** ********* ***** *** ****** * ******* **;-£3.30;-£37.66;
05/08/2025;CARD PAYMENT;************** **** ***** ***** ** **********;-£5.49;-£34.36;
05/08/2025;CARD PAYMENT;**** ********** **** ***** ***** ** **********;-£2.62;-£28.87;
05/08/2025;CARD PAYMENT;**** ****** **** ***** ***** ** **********;-£10.06;-£26.25;
04/08/2025;CARD PAYMENT;********* **** ***** ***** ** **********;-£9.39;-£16.19;
04/08/2025;CARD PAYMENT;****** ***** **** ***** ***** ** **********;-£8.00;-£6.80;
04/08/2025;CARD PAYMENT;****************** **** ***** ***** ** **********;-£6.00;+£1.20;
03/08/2025;CARD PAYMENT;****************** **** ***** ***** ** **********;-£3.00;+£7.20;
03/08/2025;CARD PAYMENT;**** ********** **** ***** ***** ** **********;-£7.57;+£10.20;
03/08/2025;CARD PAYMENT;************ **** **** **** ***** ***** ** **********;-£8.95;+£17.77;
03/08/2025;CARD PAYMENT;************ **** **** **** ***** ***** ** **********;-£30.00;+£26.72;
03/08/2025;CARD PAYMENT;** *********** **** ***** ***** ** **********;-£6.44;+£56.72;
03/08/2025;CARD PAYMENT;****************** **** ***** ***** ** **********;-£3.00;+£63.16;
02/08/2025;CARD PAYMENT;********** ** ***** ** **** ***** ***** ** **********;-£0.95;+£66.16;
02/08/2025;CARD PAYMENT;********* **** *** **** ***** ***** ** **********;-£5.10;+£67.11;
02/08/2025;CARD PAYMENT;***** ******* **** **** ***** ***** ** **********;-£10.00;+£72.21;
02/08/2025;CARD PAYMENT;***** ****** **** **** ***** ***** ** **********;-£5.60;+£82.21;
02/08/2025;CARD PAYMENT;******** *** **** ***** ***** ** **********;-£4.30;+£87.81;
02/08/2025;CARD PAYMENT;************ ** ***** **** ***** ***** ** **********;-£2.50;+£92.11;
02/08/2025;CARD PAYMENT;*** ****** ******** * **** ***** ***** ** **********;-£4.99;+£94.61;
01/08/2025;CARD PAYMENT;****** ******** ****** **** ***** ***** ** **********;-£2.10;+£99.60;
01/08/2025;CARD PAYMENT;********** *********** **** ***** ***** ** **********;-£5.00;+£101.70;
01/08/2025;PAYMENT;****** ******** ******* ********** **** * **** * *******;+£370.00;+£106.70;
01/08/2025;CARD PAYMENT;**** ***** **** ***** ***** ** **********;-£38.00;-£263.30;
01/08/2025;CARD PAYMENT;****** ******* ***** **** ***** ***** ** **********;-£26.20;-£225.30;
01/08/2025;CARD PAYMENT;******* **** ***** ***** ** **********;-£5.00;-£199.10;
31/07/2025;CARD PAYMENT;******* *** **** **** ***** ***** ** **********;-£2.50;-£194.10;
31/07/2025;PAYMENTS;**** ******* *** ****** ******* ** ******* **** ********* **** * ******* ** ***;-£24.50;-£191.60;
31/07/2025;CARD PAYMENT;****** **** ********** **** ***** ***** ** **********;-£3.99;-£167.10;
31/07/2025;CARD PAYMENT;** *********** **** ***** ***** ** **********;-£8.98;-£163.11;
31/07/2025;CARD PAYMENT;** *********** **** ***** ***** ** **********;-£4.47;-£154.13;
31/07/2025;CARD PAYMENT;*** ********** **** ***** ***** ** **********;-£15.53;-£149.66;
31/07/2025;PAYMENTS;**** ******* *** ****** ******* ** **** ****** ********* ********* **** * ******* ** **;-£4.60;-£134.13;
31/07/2025;PAYMENT;****** ******** ******* ************* **** * *******;+£210.60;-£129.53;
30/07/2025;CARD PAYMENT;********* **** ***** ***** ** **********;-£3.00;-£340.13;
30/07/2025;CARD PAYMENT;**** ********** **** ***** ***** ** **********;-£11.08;-£337.13;
30/07/2025;CARD PAYMENT;**** ******* ** ******* **********   ** **********;-£5.99;-£326.05;
29/07/2025;CARD PAYMENT;**** *************** **** ***** ***** ** **********;-£19.94;-£320.06;
29/07/2025;CARD PAYMENT;**** ********** **** ***** ***** ** **********;-£17.97;-£300.12;
28/07/2025;CARD PAYMENT;***** **** ******** ** **** ***** ***** ** **********;-£11.64;-£282.15;
28/07/2025;CARD PAYMENT;**** ** ********** **** ***** ***** ** **********;-£3.08;-£270.51;
27/07/2025;CARD PAYMENT;**** ****** **** ***** ***** ** **********;-£12.99;-£267.43;
27/07/2025;CARD PAYMENT;******** *** **** ***** ***** ** **********;-£2.60;-£254.44;
27/07/2025;CARD PAYMENT;****************** **** ***** ***** ** **********;-£6.00;-£251.84;
26/07/2025;CARD PAYMENT;******* *** **** **** ***** ***** ** **********;-£3.60;-£245.84;
26/07/2025;PAYMENTS;**** ******* *** ****** ******* ** ****** * ******* ********* **** * ******* ** **;-£1000.00;-£242.24;
26/07/2025;CARD PAYMENT;****** ******** ****** **** ***** ***** ** **********;-£2.10;+£757.76;
26/07/2025;CARD PAYMENT;***** ****** **** ***** ***** ** **********;-£1.86;+£759.86;
26/07/2025;CARD PAYMENT;********* **** ***** ***** ** **********;-£50.71;+£761.72;
25/07/2025;CARD PAYMENT;**** ********** **** ***** ***** ** **********;-£16.96;+£812.43;
25/07/2025;CARD PAYMENT;******** *** **** ***** ***** ** **********;-£4.30;+£829.39;
25/07/2025;CREDIT IN;**** **** ****** *** ******** * *** **** ******;+£1000.00;+£833.69;
24/07/2025;CARD PAYMENT;******* *** **** * **** ***** ***** ** **********;-£1.03;-£166.31;
24/07/2025;CARD PAYMENT;******** *** **** ***** ***** ** **********;-£4.30;-£165.28;
24/07/2025;DD;DIRECT DEBIT PAYMENT TO PLUM REF VQY*TB*, MANDATE NO ****;-£5.35;-£160.98;
23/07/2025;CARD PAYMENT;***** *** **** **** ***** ***** ** **********;-£4.30;-£155.63;
23/07/2025;CARD PAYMENT;******** *** **** ***** ***** ** **********;-£2.60;-£151.33;
22/07/2025;PAYMENTS;**** ******* *** ****** ******* ** **** ****** ********* ******* * ******* ** **;-£118.00;-£148.73;
22/07/2025;CARD PAYMENT;**** ********** **** ***** ***** ** **********;-£15.86;-£30.73;
22/07/2025;CARD PAYMENT;** *** **** ***** ***** ** **********;-£22.50;-£14.87;
22/07/2025;CARD PAYMENT;***** *** **** **** ***** ***** ** **********;-£30.09;+£7.63;
21/07/2025;PAYMENT;****** ******** ******* ************* **** * *******;+£209.00;+£37.72;
21/07/2025;PAYMENTS;**** ******* *** ****** ******* ** ******* **** ********* ***** * ******* ** ***;-£8.00;-£171.28;
21/07/2025;CARD PAYMENT;*** ******** **** **** ***** ***** ** **********;-£9.00;-£163.28;
21/07/2025;CREDIT IN;****** **** ****** ***** ** **********;+£8.99;-£154.28;
20/07/2025;CARD PAYMENT;****************** **** ***** ***** ** **********;-£3.00;-£163.27;
20/07/2025;CARD PAYMENT;********* **** ***** ***** ** **********;-£5.99;-£160.27;
20/07/2025;CARD PAYMENT;* * * ******** **** ***** ***** ** **********;-£13.75;-£154.28;
20/07/2025;CARD PAYMENT;****** **** **** ***** ***** ** **********;-£3.69;-£140.53;
20/07/2025;CARD PAYMENT;***** ****** **** **** ***** ***** ** **********;-£1.65;-£136.84;
20/07/2025;CARD PAYMENT;** ******** ****** *** **** ***** ***** ** **********;-£6.50;-£135.19;
20/07/2025;CARD PAYMENT;** ******** ****** *** **** ***** ***** ** **********;-£4.00;-£128.69;
20/07/2025;CARD PAYMENT;***** *********** **** ***** ***** ** **********;-£40.00;-£124.69;
19/07/2025;CARD PAYMENT;**** ******* ** *** ***** ********   ** **********;-£9.99;-£84.69;
19/07/2025;CARD PAYMENT;****** * ***** **** ***** ***** ** **********;-£48.97;-£74.70;
19/07/2025;CARD PAYMENT;* * * **** ***** ***** ** **********;-£27.99;-£25.73;
19/07/2025;CARD PAYMENT;****** ****** * ****** **** ***** ***** ** **********;-£1.00;+£2.26;
18/07/2025;CARD PAYMENT;**** ****** **** ***** ***** ** **********;-£12.76;+£3.26;
18/07/2025;CARD PAYMENT;**** ******* ** *** ***** ** *****   ** **********;-£9.00;+£16.02;
18/07/2025;CARD PAYMENT;**** ******* ** ****** ***************   ** **********;-£8.99;+£25.02;
16/07/2025;CARD PAYMENT;******* *** **** **** ***** ***** ** **********;-£2.50;+£34.01;
16/07/2025;CARD PAYMENT;***** *** **** **** ***** ***** ** **********;-£12.00;+£36.51;
16/07/2025;CARD PAYMENT;******** *** **** ***** ***** ** **********;-£4.30;+£48.51;
16/07/2025;CARD PAYMENT;*** ***** **** ******* **** ***** ***** ** **********;-£52.00;+£52.81;
15/07/2025;CARD PAYMENT;******** **** ******* **** ***** ***** ** **********;-£30.16;+£104.81;
15/07/2025;PAYMENT;****** ******** ******* ************* **** * *******;+£371.50;+£134.97;
15/07/2025;CARD PAYMENT;******* *** **** * **** ***** ***** ** **********;-£3.24;-£236.53;
15/07/2025;CARD PAYMENT;**** ****** **** ***** ***** ** **********;-£6.28;-£233.29;
15/07/2025;CARD PAYMENT;******** ***** **** ***** ***** ** **********;-£9.89;-£227.01;
14/07/2025;CARD PAYMENT;**** ****** **** ***** ***** ** **********;-£35.10;-£217.12;
14/07/2025;CARD PAYMENT;***** *** **** **** ***** ***** ** **********;-£9.25;-£182.02;
14/07/2025;CARD PAYMENT;**** ** ********** **** ***** ***** ** **********;-£3.02;-£172.77;
13/07/2025;CARD PAYMENT;**** ****** **** ***** ***** ** **********;-£6.63;-£169.75;
13/07/2025;CARD PAYMENT;**** ******* ** *** ***** *** ****   ** **********;-£2.99;-£163.12;
12/07/2025;CARD PAYMENT;***** ***** ****** **** ***** ***** ** **********;-£4.15;-£160.13;
12/07/2025;CARD PAYMENT;***** *** **** **** ***** ***** ** **********;-£11.50;-£155.98;
12/07/2025;CARD PAYMENT;****************** **** ***** ***** ** **********;-£3.00;-£144.48;
11/07/2025;PAYMENTS;**** ******* *** ****** ******* ** **** ****** ********* ******** * ******* ** **;-£18.00;-£141.48;
11/07/2025;CARD PAYMENT;****************** **** ***** ***** ** **********;-£2.90;-£123.48;
11/07/2025;CARD PAYMENT;******* *** **** * **** ***** ***** ** **********;-£3.24;-£120.58;
11/07/2025;CARD PAYMENT;******** *** **** ***** ***** ** **********;-£2.60;-£117.34;
10/07/2025;CARD PAYMENT;******** ***** **** ***** ***** ** **********;-£3.69;-£114.74;
10/07/2025;CARD PAYMENT;******* *** **** * **** ***** ***** ** **********;-£3.60;-£111.05;
10/07/2025;CARD PAYMENT;******** *** **** ***** ***** ** **********;-£4.30;-£107.45;
10/07/2025;CARD PAYMENT;** *********** **** ***** ***** ** **********;-£5.48;-£103.15;
10/07/2025;CARD PAYMENT;** *********** **** ***** ***** ** **********;-£7.27;-£97.67;
10/07/2025;CARD PAYMENT;** *********** **** ***** ***** ** **********;-£2.99;-£90.40;
09/07/2025;CARD PAYMENT;******* *** **** **** ***** ***** ** **********;-£5.60;-£87.41;
09/07/2025;CARD PAYMENT;**** ******* ** ***** ***************   ** **********;-£7.99;-£81.81;
09/07/2025;CARD PAYMENT;******** *** **** ***** ***** ** **********;-£4.30;-£73.82;
09/07/2025;CARD PAYMENT;**** ** ********** **** ***** ***** ** **********;-£23.88;-£69.52;
08/07/2025;CARD PAYMENT;***** *** **** **** ***** ***** ** **********;-£3.75;-£45.64;
08/07/2025;CARD PAYMENT;**** ******* ** ******** *****   ** **********;-£13.98;-£41.89;
07/07/2025;PAYMENT;****** ******** ******* ********* **** ****** ******;+£4.66;-£27.91;
07/07/2025;PAYMENT;****** ******** ******* ********** **** ****** *****;+£4.65;-£32.57;
07/07/2025;CARD PAYMENT;**** ****** **** ***** ***** ** **********;-£15.81;-£37.22;
07/07/2025;CARD PAYMENT;***** *** **** **** ***** ***** ** **********;-£10.13;-£21.41;
07/07/2025;CARD PAYMENT;**** ******* ** ****** ****   ** **********;-£8.99;-£11.28;
05/07/2025;CARD PAYMENT;************** **** ***** ***** ** **********;-£5.49;-£2.29;
03/07/2025;CARD PAYMENT;** ***** **** ******** **** ***** ***** ** **********;-£15.98;+£3.20;
03/07/2025;PAYMENTS;**** ******* *** ****** ******* ** ******* **** ********* **** * ******* ** ***;-£87.18;+£19.18;
03/07/2025;PAYMENT;****** ******** ******* ************ **** * *******;+£217.18;+£106.36;
03/07/2025;CARD PAYMENT;************** **** ***** ***** ** **********;-£6.79;-£110.82;
02/07/2025;CARD PAYMENT;**** ******* ** ********* *********   ** **********;-£1.95;-£104.03;
02/07/2025;CARD PAYMENT;********* **** ***** ***** ** **********;-£5.98;-£102.08;
02/07/2025;CARD PAYMENT;**** ********** **** ***** ***** ** **********;-£4.88;-£96.10;
02/07/2025;CARD PAYMENT;* * * **** ***** ***** ** **********;-£12.99;-£91.22;
02/07/2025;CARD PAYMENT;***** *** **** **** ***** ***** ** **********;-£2.45;-£78.23;
01/07/2025;CARD PAYMENT;**** ** **** ***** ***** ** **********;-£20.00;-£75.78;
01/07/2025;CARD PAYMENT;**** ******* ** ***** ********   ** **********;-£6.39;-£55.78;
30/06/2025;CARD PAYMENT;**** ******* ** ******* **********   ** **********;-£5.99;-£49.39;
29/06/2025;CARD PAYMENT;********* **** ***** ***** ** **********;-£3.09;-£43.40;
29/06/2025;CARD PAYMENT;**** ****** **** ***** ***** ** **********;-£4.29;-£40.31;
29/06/2025;CARD PAYMENT;***** *** **** **** ***** ***** ** **********;-£3.60;-£36.02;
29/06/2025;CARD PAYMENT;**** **************** **** ***** ***** ** **********;-£5.95;-£32.42;
28/06/2025;CARD PAYMENT;*** ****** ** **** ***** ***** ** **********;-£2.80;-£26.47;
28/06/2025;CARD PAYMENT;****** **** **** ***** ***** ** **********;-£13.46;-£23.67;
28/06/2025;CARD PAYMENT;******** *** **** ***** ***** ** **********;-£4.30;-£10.21;
28/06/2025;CARD PAYMENT;** ** * ***** ***** **** ***** ***** ** **********;-£35.00;-£5.91;
28/06/2025;CARD PAYMENT;****** ******** ****** **** ***** ***** ** **********;-£2.10;+£29.09;
27/06/2025;CARD PAYMENT;******* *** **** * **** ***** ***** ** **********;-£3.96;+£31.19;
27/06/2025;CARD PAYMENT;******** *** **** ***** ***** ** **********;-£4.30;+£35.15;
26/06/2025;CARD PAYMENT;********** ** ***** ** **** ***** ***** ** **********;-£2.25;+£39.45;
26/06/2025;CARD PAYMENT;******* *** **** **** ***** ***** ** **********;-£2.50;+£41.70;
26/06/2025;CARD PAYMENT;*** ***** **** ***** ***** ** **********;-£8.39;+£44.20;
26/06/2025;CARD PAYMENT;******** *** **** ***** ***** ** **********;-£4.30;+£52.59;
26/06/2025;CARD PAYMENT;**** ******* ** *** **** ***   ** **********;-£151.60;+£56.89;
25/06/2025;CREDIT IN;****** **** ******** ***** ** **********;+£13.98;+£208.49;
25/06/2025;CARD PAYMENT;**** ******* ** ******** *****   ** **********;-£13.98;+£194.51;
25/06/2025;CARD PAYMENT;**** ******* ** ******** *****   ** **********;-£13.98;+£208.49;
25/06/2025;PAYMENT;****** ******** ******* ************ **** * *******;+£250.00;+£222.47;
25/06/2025;PAYMENT;****** ******** ******* ************ **** * *******;+£93.68;-£27.53;
25/06/2025;CARD PAYMENT;******** *** **** ***** ***** ** **********;-£4.30;-£121.21;
25/06/2025;CARD PAYMENT;************** **** ***** ***** ** **********;-£6.79;-£116.91;
24/06/2025;CARD PAYMENT;***** **** ****** **** ***** ***** ** **********;-£0.80;-£110.12;
24/06/2025;CARD PAYMENT;**** ** ********** **** ***** ***** ** **********;-£29.33;-£109.32;
24/06/2025;CARD PAYMENT;**** ****** ******* **** ***** ***** ** **********;-£8.10;-£79.99;
23/06/2025;CARD PAYMENT;****** **** **** ***** ***** ** **********;-£11.48;-£71.89;
23/06/2025;CARD PAYMENT;*********** ****** *** **** ***** ***** ** **********;-£4.24;-£60.41;
23/06/2025;CARD PAYMENT;***** *** **** **** ***** ***** ** **********;-£5.04;-£56.17;
22/06/2025;CARD PAYMENT;*** ********* **** **** ***** ***** ** **********;-£2.20;-£51.13;
22/06/2025;CARD PAYMENT;************** **** ***** ***** ** **********;-£3.99;-£48.93;
22/06/2025;CARD PAYMENT;****************** **** ***** ***** ** **********;-£7.80;-£44.94;
21/06/2025;CARD PAYMENT;*********** ****** **** ***** ***** ** **********;-£11.00;-£37.14;
21/06/2025;CARD PAYMENT;**** **************** **** ***** ***** ** **********;-£8.90;-£26.14;
21/06/2025;CARD PAYMENT;** *********** **** ***** ***** ** **********;-£9.00;-£17.24;
21/06/2025;CARD PAYMENT;**** ***** **** ***** ***** ** **********;-£10.10;-£8.24;
21/06/2025;CARD PAYMENT;**** ***** **** ***** ***** ** **********;-£6.50;+£1.86;
21/06/2025;CARD PAYMENT;**** ***** **** ***** ***** ** **********;-£11.25;+£8.36;
21/06/2025;CARD PAYMENT;************ **** ***** ***** ** **********;-£21.75;+£19.61;
20/06/2025;CARD PAYMENT;********* **** ***** ***** ** **********;-£12.90;+£41.36;
20/06/2025;CARD PAYMENT;******* ******* **** ***** ***** ** **********;-£13.60;+£54.26;
20/06/2025;CARD PAYMENT;**** ***** ********** **** ***** ***** ** **********;-£13.40;+£67.86;
20/06/2025;CARD PAYMENT;** *********** **** ***** ***** ** **********;-£12.72;+£81.26;
20/06/2025;CARD PAYMENT;****** **** **** *** * **** ***** ***** ****** *** **** *********** ** **********;-£16.01;+£93.98;
20/06/2025;FOREIGN CURRENCY CONVERSION FEE;******* ******** ********** ***;-£0.47;+£109.99;
19/06/2025;CARD PAYMENT;**** ******* ** *** ***** ********   ** **********;-£9.99;+£110.46;
19/06/2025;CARD PAYMENT;*** ****** **** * *** **** ***** ***** ** **********;-£6.00;+£120.45;
19/06/2025;DD;DIRECT DEBIT PAYMENT TO PLUM REF VQY*TB*, MANDATE NO ****;-£37.48;+£126.45;
18/06/2025;CARD PAYMENT;************* ******* **** ***** ***** ****** *** **** *********** ** **********;-£4.57;+£163.93;
18/06/2025;FOREIGN CURRENCY CONVERSION FEE;******* ******** ********** ***;-£0.13;+£168.50;
18/06/2025;CARD PAYMENT;**** ******* ** *** ***** ** *****   ** **********;-£9.00;+£168.63;
18/06/2025;CARD PAYMENT;**** ******* ** ****** ***************   ** **********;-£8.99;+£177.63;
18/06/2025;CARD PAYMENT;************** **** ***** ***** ** **********;-£6.79;+£186.62;
18/06/2025;PAYMENTS;**** ******* *** ****** ******* ** ***** ******* ********* ******* * ******* ** **;-£32.00;+£193.41;
16/06/2025;FOREIGN CURRENCY CONVERSION FEE;******* ******** ********** ***;-£0.08;+£225.41;
16/06/2025;CARD PAYMENT;**** ******* ** *************** ****** ****** **** **** ********** ** **********;-£2.68;+£225.49;
16/06/2025;FOREIGN CURRENCY CONVERSION FEE;******* ******** ********** ***;-£0.23;+£228.17;
16/06/2025;CARD PAYMENT;**** ******* ** **************** ***** ****** **** **** ********** ** **********;-£7.74;+£228.40;
16/06/2025;CARD PAYMENT;************* ******* **** ***** ***** ****** *** **** *********** ** **********;-£5.37;+£236.14;
16/06/2025;FOREIGN CURRENCY CONVERSION FEE;******* ******** ********** ***;-£0.16;+£241.51;
15/06/2025;FOREIGN CURRENCY CONVERSION FEE;******* ******** ********** ***;-£0.18;+£241.67;
15/06/2025;CARD PAYMENT;**** ******* ** ************** ****** ****** **** **** ********** ** **********;-£6.17;+£241.85;
15/06/2025;CREDIT IN;****** **** ********** *** ******* ** **********;+£6.17;+£248.02;
15/06/2025;FOREIGN CURRENCY CONVERSION FEE;******* ******** ********** ***;-£0.04;+£241.85;
15/06/2025;CARD PAYMENT;**** ******* ** *************** ****** **** **** ********** ** **********;-£1.24;+£241.89;
15/06/2025;CARD PAYMENT;************* ******* **** ***** ***** ****** *** **** *********** ** **********;-£5.94;+£243.13;
15/06/2025;FOREIGN CURRENCY CONVERSION FEE;******* ******** ********** ***;-£0.18;+£249.07;
14/06/2025;FOREIGN CURRENCY CONVERSION FEE;******* ******** ********** ***;-£0.03;+£249.25;
14/06/2025;CARD PAYMENT;**** ******* ** **************** ****** **** **** ********** ** **********;-£1.03;+£249.28;
14/06/2025;FOREIGN CURRENCY CONVERSION FEE;******* ******** ********** ***;-£7.37;+£250.31;
14/06/2025;CARD PAYMENT;**** ******* ** ********************* ********* **** **** ********** ** **********;-£249.73;+£257.68;
14/06/2025;FOREIGN CURRENCY CONVERSION FEE;******* ******** ********** ***;-£0.36;+£507.41;
14/06/2025;CARD PAYMENT;**** ******* ** *************** ******* **** **** ********** ** **********;-£12.17;+£507.77;
14/06/2025;FOREIGN CURRENCY CONVERSION FEE;******* ******** ********** ***;-£0.24;+£519.94;
14/06/2025;CARD PAYMENT;**** ******* ** ************ ******** ****** **** **** ********** ** **********;-£8.23;+£520.18;
13/06/2025;FOREIGN CURRENCY CONVERSION FEE;******* ******** ********** ***;-£0.11;+£528.41;
13/06/2025;CARD PAYMENT;**** ******* ** ******************** ****** **** **** ********** ** **********;-£3.62;+£528.52;
13/06/2025;FOREIGN CURRENCY CONVERSION FEE;******* ******** ********** ***;-£0.27;+£532.14;
13/06/2025;CARD PAYMENT;**** ******* ** ********************** ****** **** **** ********** ** **********;-£9.11;+£532.41;
13/06/2025;FOREIGN CURRENCY CONVERSION FEE;******* ******** ********** ***;-£0.01;+£541.52;
13/06/2025;CARD PAYMENT;**** ******* ** ********** ***** ***** **** **** ********** ** **********;-£0.31;+£541.53;
13/06/2025;CARD PAYMENT;**** ******* ** *** ***** *** ****   ** **********;-£2.99;+£541.84;
12/06/2025;FOREIGN CURRENCY CONVERSION FEE;******* ******** ********** ***;-£0.01;+£544.83;
12/06/2025;CARD PAYMENT;**** ******* ** ********************* ***** **** **** ********** ** **********;-£0.31;+£544.84;
12/06/2025;FOREIGN CURRENCY CONVERSION FEE;******* ******** ********** ***;-£0.09;+£545.15;
12/06/2025;CARD PAYMENT;**** ******* ** ******************* ****** **** **** ********** ** **********;-£3.11;+£545.24;
12/06/2025;FOREIGN CURRENCY CONVERSION FEE;******* ******** ********** ***;-£0.13;+£548.35;
12/06/2025;CARD PAYMENT;**** ******* ** ************* ****** **** **** ********** ** **********;-£4.35;+£548.48;
12/06/2025;FOREIGN CURRENCY CONVERSION FEE;******* ******** ********** ***;-£0.01;+£552.83;
12/06/2025;CARD PAYMENT;**** ******* ** ********************* ***** **** **** ********** ** **********;-£0.41;+£552.84;
12/06/2025;FOREIGN CURRENCY CONVERSION FEE;******* ******** ********** ***;-£0.34;+£553.25;
12/06/2025;CARD PAYMENT;**** ******* ** ******************** ******* **** **** ********** ** **********;-£11.59;+£553.59;
12/06/2025;CARD PAYMENT;**** ******* ** *******   ** **********;-£52.34;+£565.18;
12/06/2025;FOREIGN CURRENCY CONVERSION FEE;******* ******** ********** ***;-£0.29;+£617.52;
12/06/2025;CARD PAYMENT;**** ******* ** ************* ****** **** **** ********** ** **********;-£9.94;+£617.81;
12/06/2025;PAYMENT;****** ******** ******* ********* **** * *******;+£500.00;+£627.75;
12/06/2025;DD;DIRECT DEBIT PAYMENT TO PLUM REF VQY*TB*, MANDATE NO ****;-£32.16;+£127.75;
11/06/2025;FOREIGN CURRENCY CONVERSION FEE;******* ******** ********** ***;-£0.30;+£159.91;
11/06/2025;CARD PAYMENT;**** ******* ** ********************* ******* **** **** ********** ** **********;-£10.30;+£160.21;
11/06/2025;CREDIT IN;****** **** ******** **** ** **********;+£0.13;+£170.51;
11/06/2025;FOREIGN CURRENCY CONVERSION FEE;******* ******** ********** ***;-£0.10;+£170.38;
11/06/2025;CARD PAYMENT;**** ******* ** ******** **** ****** **** **** ********** ** **********;-£3.34;+£170.48;
11/06/2025;FOREIGN CURRENCY CONVERSION FEE;******* ******** ********** ***;-£0.05;+£173.82;
11/06/2025;CARD PAYMENT;**** ******* ** ******************* ****** **** **** ********** ** **********;-£1.73;+£173.87;
11/06/2025;FOREIGN CURRENCY CONVERSION FEE;******* ******** ********** ***;-£0.01;+£175.60;
11/06/2025;CARD PAYMENT;**** ******* ** **************** ***** **** **** ********** ** **********;-£0.36;+£175.61;
11/06/2025;FOREIGN CURRENCY CONVERSION FEE;******* ******** ********** ***;-£0.11;+£175.97;
11/06/2025;CARD PAYMENT;**** ******* ** **************** ****** **** **** ********** ** **********;-£3.66;+£176.08;
10/06/2025;FOREIGN CURRENCY CONVERSION FEE;******* ******** ********** ***;-£0.09;+£179.74;
10/06/2025;CARD PAYMENT;**** ******* ** ******************* ****** **** **** ********** ** **********;-£3.06;+£179.83;
10/06/2025;FOREIGN CURRENCY CONVERSION FEE;******* ******** ********** ***;-£0.40;+£182.89;
10/06/2025;CARD PAYMENT;**** ******* ** ************* ******* ******* **** **** ********** ** **********;-£13.50;+£183.29;
10/06/2025;PAYMENTS;**** ******* *** ****** ******* ** ******* ****** ********* ***** *** * ******* ** **;-£10.00;+£196.79;
09/06/2025;FOREIGN CURRENCY CONVERSION FEE;******* ******** ********** ***;-£0.08;+£206.79;
09/06/2025;CARD PAYMENT;**** ******* ** *************** ****** **** **** ********** ** **********;-£2.76;+£206.87;
09/06/2025;FOREIGN CURRENCY CONVERSION FEE;******* ******** ********** ***;-£0.43;+£209.63;
09/06/2025;CARD PAYMENT;**** ******* ** *************** ******* **** **** ********** ** **********;-£14.43;+£210.06;
09/06/2025;FOREIGN CURRENCY CONVERSION FEE;******* ******** ********** ***;-£0.21;+£224.49;
09/06/2025;CARD PAYMENT;**** ******* ** *************** ****** **** **** ********** ** **********;-£7.11;+£224.70;
09/06/2025;CARD PAYMENT;**** ******* ** ***** ***************   ** **********;-£7.99;+£231.81;
08/06/2025;FOREIGN CURRENCY CONVERSION FEE;******* ******** ********** ***;-£0.12;+£239.80;
08/06/2025;CARD PAYMENT;**** ******* ** ******************** ****** **** **** ********** ** **********;-£4.13;+£239.92;
08/06/2025;FOREIGN CURRENCY CONVERSION FEE;******* ******** ********** ***;-£0.06;+£244.05;
08/06/2025;CARD PAYMENT;**** ******* ** ************* ******** ****** **** **** ********** ** **********;-£2.07;+£244.11;
08/06/2025;FOREIGN CURRENCY CONVERSION FEE;******* ******** ********** ***;-£0.43;+£246.18;
08/06/2025;CARD PAYMENT;**** ******* ** ******************** ******* **** **** ********** ** **********;-£14.68;+£246.61;
07/06/2025;CARD PAYMENT;**** ******* ** ***** ***** **** * ***   ** **********;-£3.49;+£261.29;
07/06/2025;FOREIGN CURRENCY CONVERSION FEE;******* ******** ********** ***;-£0.15;+£264.78;
07/06/2025;CARD PAYMENT;**** ******* ** ************* ****** **** **** ********** ** **********;-£5.05;+£264.93;
07/06/2025;FOREIGN CURRENCY CONVERSION FEE;******* ******** ********** ***;-£0.06;+£269.98;
07/06/2025;CARD PAYMENT;**** ******* ** ******************* ****** **** **** ********** ** **********;-£2.04;+£270.04;
07/06/2025;CARD PAYMENT;**** ******* ** ****** ****   ** **********;-£8.99;+£272.08;
06/06/2025;FOREIGN CURRENCY CONVERSION FEE;******* ******** ********** ***;-£0.03;+£281.07;
06/06/2025;CARD PAYMENT;**** ******* ** ******************* ***** **** **** ********** ** **********;-£1.02;+£281.10;
06/06/2025;FOREIGN CURRENCY CONVERSION FEE;******* ******** ********** ***;-£0.11;+£282.12;
06/06/2025;CARD PAYMENT;**** ******* ** ************* ****** **** **** ********** ** **********;-£3.82;+£282.23;
06/06/2025;FOREIGN CURRENCY CONVERSION FEE;******* ******** ********** ***;-£0.38;+£286.05;
06/06/2025;CARD PAYMENT;**** ******* ** ********** *** ******* ******* **** **** ********** ** **********;-£12.92;+£286.43;
06/06/2025;PAYMENTS;**** ******* *** ****** ******* ** ******* ****** ********* ***** ***** * ******* ** **;-£30.00;+£299.35;
05/06/2025;CARD PAYMENT;************** **** ***** ***** ** **********;-£5.49;+£329.35;
05/06/2025;CREDIT IN;****** **** ******** **** ** **********;+£0.15;+£334.84;
05/06/2025;FOREIGN CURRENCY CONVERSION FEE;******* ******** ********** ***;-£0.19;+£334.69;
05/06/2025;CARD PAYMENT;**** ******* ** ******** **** ****** **** **** ********** ** **********;-£6.61;+£334.88;
05/06/2025;DD;DIRECT DEBIT PAYMENT TO PLUM REF VQY*TB*, MANDATE NO ****;-£16.78;+£341.49;
04/06/2025;CARD PAYMENT;**** ******* ** ***** ***** **** * ***   ** **********;-£3.49;+£358.27;
04/06/2025;FOREIGN CURRENCY CONVERSION FEE;******* ******** ********** ***;-£0.15;+£361.76;
04/06/2025;CARD PAYMENT;**** ******* ** ********************* ****** **** **** ********** ** **********;-£5.16;+£361.91;
04/06/2025;FOREIGN CURRENCY CONVERSION FEE;******* ******** ********** ***;-£0.15;+£367.07;
04/06/2025;CARD PAYMENT;**** ******* ** ************* ****** **** **** ********** ** **********;-£5.11;+£367.22;
04/06/2025;FOREIGN CURRENCY CONVERSION FEE;******* ******** ********** ***;-£1.26;+£372.33;
04/06/2025;CARD PAYMENT;**** ******* ** ******************** ******* **** **** ********** ** **********;-£42.55;+£373.59;
04/06/2025;FOREIGN CURRENCY CONVERSION FEE;******* ******** ********** ***;-£0.15;+£416.14;
04/06/2025;CARD PAYMENT;**** ******* ** **************** ****** **** **** ********** ** **********;-£4.96;+£416.29;
04/06/2025;FOREIGN CURRENCY CONVERSION FEE;******* ******** ********** ***;-£0.03;+£421.25;
04/06/2025;CARD PAYMENT;**** ******* ** ******************* ***** **** **** ********** ** **********;-£1.02;+£421.28;
04/06/2025;FOREIGN CURRENCY CONVERSION FEE;******* ******** ********** ***;-£0.09;+£422.30;
04/06/2025;CARD PAYMENT;**** ******* ** *************** ****** **** **** ********** ** **********;-£3.15;+£422.39;
03/06/2025;FOREIGN CURRENCY CONVERSION FEE;******* ******** ********** ***;-£0.16;+£425.54;
03/06/2025;CARD PAYMENT;**** ******* ** **************** ****** **** **** ********** ** **********;-£5.43;+£425.70;
03/06/2025;FOREIGN CURRENCY CONVERSION FEE;******* ******** ********** ***;-£0.05;+£431.13;
03/06/2025;CARD PAYMENT;**** ******* ** ******************** * ****** **** **** ********** ** **********;-£1.74;+£431.18;
03/06/2025;FOREIGN CURRENCY CONVERSION FEE;******* ******** ********** ***;-£0.07;+£432.92;
03/06/2025;CARD PAYMENT;**** ******* ** ********************** ****** **** **** ********** ** **********;-£2.27;+£432.99;
01/06/2025;FOREIGN CURRENCY CONVERSION FEE;******* ******** ********** ***;-£0.27;+£435.26;
01/06/2025;CARD PAYMENT;**** ******* ** *************** ****** **** **** ********** ** **********;-£9.10;+£435.53;
01/06/2025;FOREIGN CURRENCY CONVERSION FEE;******* ******** ********** ***;-£0.15;+£444.63;
01/06/2025;CARD PAYMENT;**** ******* ** ********************** ****** **** **** ********** ** **********;-£4.98;+£444.78;
01/06/2025;FOREIGN CURRENCY CONVERSION FEE;******* ******** ********** ***;-£0.12;+£449.76;
01/06/2025;CARD PAYMENT;**** ******* ** **************** ****** **** **** ********** ** **********;-£4.10;+£449.88;
30/05/2025;FOREIGN CURRENCY CONVERSION FEE;******* ******** ********** ***;-£0.14;+£453.98;
30/05/2025;CARD PAYMENT;**** ******* ** ************* ****** **** **** ********** ** **********;-£4.84;+£454.12;
30/05/2025;FOREIGN CURRENCY CONVERSION FEE;******* ******** ********** ***;-£0.03;+£458.96;
30/05/2025;CARD PAYMENT;**** ******* ** ******************* ***** **** **** ********** ** **********;-£1.02;+£458.99;
30/05/2025;CARD PAYMENT;**** ******* ** ******* **********   ** **********;-£5.99;+£460.01;
29/05/2025;FOREIGN CURRENCY CONVERSION FEE;******* ******** ********** ***;-£0.02;+£466.00;
29/05/2025;CARD PAYMENT;**** ******* ** ******************* ***** **** **** ********** ** **********;-£0.71;+£466.02;
29/05/2025;FOREIGN CURRENCY CONVERSION FEE;******* ******** ********** ***;-£0.10;+£466.73;
29/05/2025;CARD PAYMENT;**** ******* ** ******************** * ****** **** **** ********** ** **********;-£3.35;+£466.83;
29/05/2025;FOREIGN CURRENCY CONVERSION FEE;******* ******** ********** ***;-£0.94;+£470.18;
29/05/2025;CARD PAYMENT;**** ******* ** ******************** ******* **** **** ********** ** **********;-£31.83;+£471.12;
29/05/2025;PAYMENTS;**** ******* *** ****** ******* ** ******* ****** ********* ******* ********** * ******* *;-£6.00;+£502.95;
29/05/2025;CREDIT IN;****** **** **** *** ************ ** **********;+£124.99;+£508.95;
29/05/2025;DD;DIRECT DEBIT PAYMENT TO PLUM REF VQY*TB*, MANDATE NO ****;-£31.64;+£383.96;
28/05/2025;FOREIGN CURRENCY CONVERSION FEE;******* ******** ********** ***;-£0.13;+£415.60;
28/05/2025;CARD PAYMENT;**** ******* ** *************** ****** ****** **** **** ********** ** **********;-£4.31;+£415.73;
27/05/2025;FOREIGN CURRENCY CONVERSION FEE;******* ******** ********** ***;-£0.09;+£420.04;
27/05/2025;CARD PAYMENT;**** ******* ** **************** ****** **** **** ********** ** **********;-£2.91;+£420.13;
27/05/2025;FOREIGN CURRENCY CONVERSION FEE;******* ******** ********** ***;-£0.27;+£423.04;
27/05/2025;CARD PAYMENT;**** ******* ** *************** ***** ****** **** **** ********** ** **********;-£9.15;+£423.31;
27/05/2025;FOREIGN CURRENCY CONVERSION FEE;******* ******** ********** ***;-£0.03;+£432.46;
27/05/2025;CARD PAYMENT;**** ******* ** ******************** * ***** **** **** ********** ** **********;-£0.94;+£432.49;
27/05/2025;FOREIGN CURRENCY CONVERSION FEE;******* ******** ********** ***;-£0.31;+£433.43;
27/05/2025;CARD PAYMENT;**** ******* ** ************ ****** ******* **** **** ********** ** **********;-£10.39;+£433.74;
26/05/2025;FOREIGN CURRENCY CONVERSION FEE;******* ******** ********** ***;-£0.15;+£444.13;
26/05/2025;CARD PAYMENT;**** ******* ** ****** ******* ***** **** **** ********** ** **********;-£4.99;+£444.28;
26/05/2025;FOREIGN CURRENCY CONVERSION FEE;******* ******** ********** ***;-£0.43;+£449.27;
26/05/2025;CARD PAYMENT;**** ******* ** ******** ***** ******* ******* **** **** ********** ** **********;-£14.45;+£449.70;
26/05/2025;FOREIGN CURRENCY CONVERSION FEE;******* ******** ********** ***;-£0.01;+£464.15;
26/05/2025;CARD PAYMENT;**** ******* ** **************** ***** **** **** ********** ** **********;-£0.21;+£464.16;
26/05/2025;FOREIGN CURRENCY CONVERSION FEE;******* ******** ********** ***;-£0.41;+£464.37;
26/05/2025;CARD PAYMENT;**** ******* ** *************** ******* **** **** ********** ** **********;-£13.76;+£464.78;
26/05/2025;CREDIT IN;****** **** ************ ****** ** **********;+£10.39;+£478.54;
25/05/2025;FOREIGN CURRENCY CONVERSION FEE;******* ******** ********** ***;-£0.11;+£468.15;
25/05/2025;CARD PAYMENT;**** ******* ** ************* ****** **** **** ********** ** **********;-£3.59;+£468.26;
25/05/2025;FOREIGN CURRENCY CONVERSION FEE;******* ******** ********** ***;-£0.37;+£471.85;
25/05/2025;CARD PAYMENT;**** ******* ** *************** ******* **** **** ********** ** **********;-£12.58;+£472.22;
25/05/2025;FOREIGN CURRENCY CONVERSION FEE;******* ******** ********** ***;-£0.31;+£484.80;
25/05/2025;CARD PAYMENT;**** ******* ** ************ ****** ******* **** **** ********** ** **********;-£10.39;+£485.11;
24/05/2025;FOREIGN CURRENCY CONVERSION FEE;******* ******** ********** ***;-£0.07;+£495.50;
24/05/2025;CARD PAYMENT;**** ******* ** ********************** ****** **** **** ********** ** **********;-£2.50;+£495.57;
24/05/2025;FOREIGN CURRENCY CONVERSION FEE;******* ******** ********** ***;-£0.10;+£498.07;
24/05/2025;CARD PAYMENT;**** ******* ** ******************* ****** **** **** ********** ** **********;-£3.49;+£498.17;
24/05/2025;FOREIGN CURRENCY CONVERSION FEE;******* ******** ********** ***;-£0.03;+£501.66;
24/05/2025;CARD PAYMENT;**** ******* ** ******************** * ***** **** **** ********** ** **********;-£1.03;+£501.69;
23/05/2025;FOREIGN CURRENCY CONVERSION FEE;******* ******** ********** ***;-£0.72;+£502.72;
23/05/2025;CARD PAYMENT;**** ******* ** *************** ******* **** **** ********** ** **********;-£24.47;+£503.44;
23/05/2025;FOREIGN CURRENCY CONVERSION FEE;******* ******** ********** ***;-£0.15;+£527.91;
23/05/2025;CARD PAYMENT;**** ******* ** ************* ****** **** **** ********** ** **********;-£5.25;+£528.06;
23/05/2025;FOREIGN CURRENCY CONVERSION FEE;******* ******** ********** ***;-£0.06;+£533.31;
23/05/2025;CARD PAYMENT;**** ******* ** ******************* ****** **** **** ********** ** **********;-£1.95;+£533.37;
23/05/2025;FOREIGN CURRENCY CONVERSION FEE;******* ******** ********** ***;-£0.15;+£535.32;
23/05/2025;CARD PAYMENT;**** ******* ** **************** ****** **** **** ********** ** **********;-£5.20;+£535.47;
22/05/2025;FOREIGN CURRENCY CONVERSION FEE;******* ******** ********** ***;-£0.05;+£540.67;
22/05/2025;CARD PAYMENT;**** ******* ** ******************* ****** **** **** ********** ** **********;-£1.76;+£540.72;
22/05/2025;FOREIGN CURRENCY CONVERSION FEE;******* ******** ********** ***;-£0.19;+£542.48;
22/05/2025;CARD PAYMENT;**** ******* ** **************** ****** **** **** ********** ** **********;-£6.49;+£542.67;
22/05/2025;FOREIGN CURRENCY CONVERSION FEE;******* ******** ********** ***;-£0.21;+£549.16;
22/05/2025;CARD PAYMENT;**** ******* ** *************** ****** **** **** ********** ** **********;-£7.28;+£549.37;
22/05/2025;DD;DIRECT DEBIT PAYMENT TO PLUM REF VQY*TB*, MANDATE NO ****;-£12.18;+£556.65;
21/05/2025;FOREIGN CURRENCY CONVERSION FEE;******* ******** ********** ***;-£0.15;+£568.83;
21/05/2025;CARD PAYMENT;**** ******* ** ************* ****** **** **** ********** ** **********;-£5.18;+£568.98;
21/05/2025;FOREIGN CURRENCY CONVERSION FEE;******* ******** ********** ***;-£0.03;+£574.16;
21/05/2025;CARD PAYMENT;**** ******* ** ******************* ***** **** **** ********** ** **********;-£0.92;+£574.19;
20/05/2025;PAYMENTS;**** ******* *** ****** ******* ** ****** ******** ********* ********* **** * ******* ** *;-£87.00;+£575.11;
20/05/2025;FOREIGN CURRENCY CONVERSION FEE;******* ******** ********** ***;-£0.15;+£662.11;
20/05/2025;CARD PAYMENT;**** ******* ** ************* ****** **** **** ********** ** **********;-£5.18;+£662.26;
20/05/2025;FOREIGN CURRENCY CONVERSION FEE;******* ******** ********** ***;-£0.04;+£667.44;
20/05/2025;CARD PAYMENT;**** ******* ** **************** ****** **** **** ********** ** **********;-£1.47;+£667.48;
20/05/2025;FOREIGN CURRENCY CONVERSION FEE;******* ******** ********** ***;-£0.09;+£668.95;
20/05/2025;CARD PAYMENT;**** ******* ** ********** ***** ****** **** **** ********** ** **********;-£3.04;+£669.04;
20/05/2025;FOREIGN CURRENCY CONVERSION FEE;******* ******** ********** ***;-£0.12;+£672.08;
20/05/2025;CARD PAYMENT;**** ******* ** ************* ****** **** **** ********** ** **********;-£4.08;+£672.20;
20/05/2025;CARD PAYMENT;**** ******* ** **** *** ************   ** **********;-£124.99;+£676.28;
19/05/2025;CARD PAYMENT;**** ******* ** *** ***** ********   ** **********;-£9.99;+£801.27;
19/05/2025;FOREIGN CURRENCY CONVERSION FEE;******* ******** ********** ***;-£0.12;+£811.26;
19/05/2025;CARD PAYMENT;**** ******* ** ************* ****** **** **** ********** ** **********;-£4.08;+£811.38;
19/05/2025;FOREIGN CURRENCY CONVERSION FEE;******* ******** ********** ***;-£0.03;+£815.46;
19/05/2025;CARD PAYMENT;**** ******* ** **************** ***** **** **** ********** ** **********;-£1.04;+£815.49;
18/05/2025;FOREIGN CURRENCY CONVERSION FEE;******* ******** ********** ***;-£0.12;+£816.53;
18/05/2025;CARD PAYMENT;**** ******* ** **************** ****** **** **** ********** ** **********;-£3.98;+£816.65;
18/05/2025;FOREIGN CURRENCY CONVERSION FEE;******* ******** ********** ***;-£0.16;+£820.63;
18/05/2025;CARD PAYMENT;**** ******* ** **************** ****** **** **** ********** ** **********;-£5.44;+£820.79;
18/05/2025;CARD PAYMENT;**** ******* ** *** ***** ** *****   ** **********;-£9.00;+£826.23;
18/05/2025;CARD PAYMENT;**** ******* ** ****** ***************   ** **********;-£8.99;+£835.23;
17/05/2025;CARD PAYMENT;********** ** ***** ** **** ***** ***** ** **********;-£0.95;+£844.22;
17/05/2025;FOREIGN CURRENCY CONVERSION FEE;******* ******** ********** ***;-£0.80;+£845.17;
17/05/2025;CARD PAYMENT;**** ******* ** *************** ****** ****** **** **** ********** ** **********;-£27.17;+£845.97;
17/05/2025;CARD PAYMENT;********** *** ** **** **** ***** ***** ** **********;-£5.95;+£873.14;
17/05/2025;CARD PAYMENT;** ***** ******* ***** **** ***** ***** ** **********;-£22.86;+£879.09;
16/05/2025;PAYMENT;****** ******** ******* ********* **** * *******;+£905.00;+£901.95;
16/05/2025;CARD PAYMENT;****************** **** ***** ***** ** **********;-£5.90;-£3.05;
16/05/2025;CARD PAYMENT;* * * **** ***** ***** ** **********;-£37.99;+£2.85;
16/05/2025;CARD PAYMENT;****************** **** ***** ***** ** **********;-£3.00;+£40.84;
16/05/2025;CARD PAYMENT;****** **** ***** ***** ** **********;-£27.50;+£43.84;
16/05/2025;PAYMENT;****** ******** ******* ************ *** ***** **** * *******;+£450.00;+£71.34;
15/05/2025;CARD PAYMENT;****************** **** ***** ***** ** **********;-£3.00;-£378.66;
15/05/2025;CARD PAYMENT;********* ** **** ***** ***** ** **********;-£3.99;-£375.66;
15/05/2025;PAYMENTS;**** ******* *** ****** ******* ** ******* ****** ********* ******** * ******* ** **;-£100.00;-£371.67;
15/05/2025;CARD PAYMENT;***** **** **** ***** ***** ** **********;-£263.00;-£271.67;
15/05/2025;CARD PAYMENT;** *********** **** ***** ***** ** **********;-£3.69;-£8.67;
15/05/2025;CARD PAYMENT;** *********** **** ***** ***** ** **********;-£9.17;-£4.98;
15/05/2025;CARD PAYMENT;****** ******** ****** **** ***** ***** ** **********;-£2.10;+£4.19;
15/05/2025;CARD PAYMENT;******** ******* *** **** ***** ***** ** **********;-£23.20;+£6.29;
15/05/2025;DD;DIRECT DEBIT PAYMENT TO PLUM REF VQY*TB*, MANDATE NO ****;-£7.72;+£29.49;
14/05/2025;CARD PAYMENT;**** ******* ** ******* *********   ** **********;-£46.58;+£37.21;
14/05/2025;CARD PAYMENT;***** ***** ****** **** ***** ***** ** **********;-£5.95;+£83.79;
14/05/2025;CARD PAYMENT;******* *** **** * **** ***** ***** ** **********;-£0.58;+£89.74;
13/05/2025;CARD PAYMENT;********* ** **** ***** ***** ** **********;-£2.50;+£90.32;
13/05/2025;CARD PAYMENT;********** ****** **** ***** ***** ** **********;-£1.00;+£92.82;
13/05/2025;CARD PAYMENT;**** ******* ** *** ***** *** ****   ** **********;-£2.99;+£93.82;
12/05/2025;PAYMENT;****** ******** ******* ******** * *** **** * *******;+£140.00;+£96.81;
11/05/2025;CARD PAYMENT;***** **** **** ***** ***** ** **********;-£74.00;-£43.19;
11/05/2025;CARD PAYMENT;***** **** **** ***** ***** ** **********;-£9.78;+£30.81;
10/05/2025;PAYMENT;****** ******** ******* ********* **** **** ******;+£26.00;+£40.59;
10/05/2025;CARD PAYMENT;****************** **** ***** ***** ** **********;-£5.90;+£14.59;
10/05/2025;CARD PAYMENT;******** *** **** ***** ***** ** **********;-£4.30;+£20.49;
10/05/2025;CARD PAYMENT;***** **** *** ** *** **** ***** ***** ** **********;-£11.90;+£24.79;
10/05/2025;CARD PAYMENT;***** **** *** ** *** **** ***** ***** ** **********;-£7.80;+£36.69;
10/05/2025;CARD PAYMENT;***** **** *** ** *** **** ***** ***** ** **********;-£6.40;+£44.49;
09/05/2025;CARD PAYMENT;******* *** **** * **** ***** ***** ** **********;-£3.24;+£50.89;
09/05/2025;CARD PAYMENT;******** *** **** ***** ***** ** **********;-£4.30;+£54.13;
09/05/2025;CARD PAYMENT;**** ******* ** ***** ***************   ** **********;-£7.99;+£58.43;
08/05/2025;PAYMENTS;**** ******* *** ****** ******* ** **** ****** ********* ****** ***** * ******* ** **;-£26.00;+£66.42;
08/05/2025;CARD PAYMENT;******* *** **** * **** ***** ***** ** **********;-£3.24;+£92.42;
08/05/2025;PAYMENT;****** ******** ******* ****** **** * *******;+£100.00;+£95.66;
08/05/2025;CARD PAYMENT;***** **** **** ***** ***** ** **********;-£404.00;-£4.34;
08/05/2025;CARD PAYMENT;******** *** **** ***** ***** ** **********;-£4.30;+£399.66;
08/05/2025;DD;DIRECT DEBIT PAYMENT TO PLUM REF VQY*TB*, MANDATE NO ****;-£11.07;+£403.96;
08/05/2025;DD;DIRECT DEBIT PAYMENT TO AA MEMBERSHIP REF ****************, MANDATE NO ****;-£102.01;+£415.03;
07/05/2025;CARD PAYMENT;********* **** ***** ***** ** **********;-£5.00;+£517.04;
07/05/2025;CARD PAYMENT;**** ******* ** ****** ***** ******   ** **********;-£1.00;+£522.04;
07/05/2025;PAYMENTS;**** ******* *** ****** ******* ** ****** * ******* ********* ****** ****** * ******* ** *;-£50.00;+£523.04;
07/05/2025;PAYMENT;****** ******** ******* *********** ****** **** ***** ******;+£50.00;+£573.04;
07/05/2025;PAYMENTS;**** ******* *** ****** ******* ** ****** * ******* ********* ******* **** * ******* ** **;-£1200.00;+£523.04;
07/05/2025;PAYMENTS;**** ******* *** ****** ******* ** ****** * ******* ********* ******* **** * ******* ** **;-£1500.00;+£1723.04;
07/05/2025;PAYMENT;****** ******** ******* ********** **** ***** *;+£7.00;+£3223.04;
07/05/2025;PAYMENT;****** ******** ******* ******** **** * *******;+£164.00;+£3216.04;
07/05/2025;CARD PAYMENT;***** *** **** **** ***** ***** ** **********;-£23.84;+£3052.04;
07/05/2025;CARD PAYMENT;**** ** ********** **** ***** ***** ** **********;-£6.28;+£3075.88;
07/05/2025;CARD PAYMENT;**** ** ***** ******** **** ***** ***** ** **********;-£154.00;+£3082.16;
07/05/2025;CARD PAYMENT;**** ******* ** ****** ****   ** **********;-£8.99;+£3236.16;
07/05/2025;CARD PAYMENT;**** ****** ******* **** ***** ***** ** **********;-£17.02;+£3245.15;
06/05/2025;CARD PAYMENT;********* *** **** ***** ***** ** **********;-£5.00;+£3262.17;
05/05/2025;CARD PAYMENT;************** **** ***** ***** ** **********;-£5.49;+£3267.17;
05/05/2025;CARD PAYMENT;******* ****** **** ***** ***** ** **********;-£2.50;+£3272.66;
05/05/2025;CARD PAYMENT;** *********** **** ***** ***** ** **********;-£9.23;+£3275.16;
04/05/2025;CARD PAYMENT;**** ****** **** ***** ***** ** **********;-£2.06;+£3284.39;
04/05/2025;CARD PAYMENT;**** ** ********** **** ***** ***** ** **********;-£10.43;+£3286.45;
04/05/2025;CARD PAYMENT;**** ******* ** ** ***************   ** **********;-£216.95;+£3296.88;
03/05/2025;CARD PAYMENT;****** **** **** ***** ***** ** **********;-£14.10;+£3513.83;
03/05/2025;CARD PAYMENT;******** *** **** ***** ***** ** **********;-£4.30;+£3527.93;
03/05/2025;CARD PAYMENT;********* *** ***** **** ***** ***** ** **********;-£12.00;+£3532.23;
03/05/2025;PAYMENT;****** ******** ******* ********** **** **** ******;+£5.50;+£3544.23;
02/05/2025;CARD PAYMENT;***** ****** **** ***** ***** ** **********;-£9.35;+£3538.73;
02/05/2025;CARD PAYMENT;******* *** **** * **** ***** ***** ** **********;-£5.58;+£3548.08;
02/05/2025;CARD PAYMENT;******** *** **** ***** ***** ** **********;-£4.30;+£3553.66;
01/05/2025;CARD PAYMENT;******* *** **** * **** ***** ***** ** **********;-£2.00;+£3557.96;
01/05/2025;CARD PAYMENT;***** **** ******* **** ***** ***** ** **********;-£5.25;+£3559.96;
01/05/2025;CARD PAYMENT;******** *** **** ***** ***** ** **********;-£4.30;+£3565.21;
01/05/2025;DD;DIRECT DEBIT PAYMENT TO PLUM REF VQY*TB*, MANDATE NO ****;-£6.09;+£3569.51;
30/04/2025;CARD PAYMENT;********* ** **** ***** ***** ** **********;-£2.50;+£3575.60;
30/04/2025;CARD PAYMENT;******** *** **** ***** ***** ** **********;-£4.30;+£3578.10;
30/04/2025;CARD PAYMENT;**** ******* ** ******** *****   ** **********;-£39.84;+£3582.40;
30/04/2025;CARD PAYMENT;**** ******* ** ******* *******   ** **********;-£5.99;+£3622.24;
30/04/2025;CARD PAYMENT;**** ******* ** ***** ***** **** * ***   ** **********;-£3.49;+£3628.23;
29/04/2025;PAYMENT;****** ******** ******* ********** **** **** ******;+£7.00;+£3631.72;
29/04/2025;CARD PAYMENT;********* **** ***** ***** ** **********;-£1.79;+£3624.72;
29/04/2025;CARD PAYMENT;********* **** ***** ***** ** **********;-£13.68;+£3626.51;
29/04/2025;CARD PAYMENT;********* ** **** ***** ***** ** **********;-£2.50;+£3640.19;
28/04/2025;CREDIT IN;**** **** ****** *** *** ************** ***********;+£3677.10;+£3642.69;
27/04/2025;CARD PAYMENT;**** ****** **** ***** ***** ** **********;-£1.12;-£34.41;
27/04/2025;CARD PAYMENT;***** *** **** **** ***** ***** ** **********;-£3.20;-£33.29;
27/04/2025;CARD PAYMENT;***** *** **** **** ***** ***** ** **********;-£45.14;-£30.09;
27/04/2025;CARD PAYMENT;**** ** ********** **** ***** ***** ** **********;-£8.33;+£15.05;
27/04/2025;CARD PAYMENT;***** ******* **** ***** ***** ** **********;-£19.00;+£23.38;
26/04/2025;CREDIT IN;**** ******* **** ****** ******* *** ******* ********* ******;+£45.00;+£42.38;
24/04/2025;CARD PAYMENT;**** ********** **** ***** ***** ** **********;-£2.32;-£2.62;
24/04/2025;CARD PAYMENT;**** **************** **** ***** ***** ** **********;-£5.96;-£0.30;
23/04/2025;CARD PAYMENT;********* **** ***** ***** ** **********;-£3.53;+£5.66;
23/04/2025;CARD PAYMENT;***** ******* **** ***** ***** ** **********;-£44.10;+£9.19;
23/04/2025;PAYMENT;****** ******** ******* ********* **** * **** * *******;+£94.99;+£53.29;
23/04/2025;CARD PAYMENT;****** ** **** ***** ***** ** **********;-£1.35;-£41.70;
23/04/2025;CARD PAYMENT;** *** ******** ***** **** ***** ***** ** **********;-£25.00;-£40.35;
22/04/2025;CARD PAYMENT;**** ********** **** ***** ***** ** **********;-£2.00;-£15.35;
22/04/2025;CARD PAYMENT;**** ********** **** ***** ***** ** **********;-£15.86;-£13.35;
22/04/2025;CREDIT IN;****** **** ******* ********* ** **********;+£22.00;+£2.51;
22/04/2025;CARD PAYMENT;**** ******* ** ******** ******* *****   ** **********;-£48.30;-£19.49;
20/04/2025;PAYMENTS;**** ******* *** ****** ******* ** ****** * ******* ********* **** *** * ******* ** **;-£22.00;+£28.81;
20/04/2025;PAYMENTS;**** ******* *** ****** ******* ** ****** * ******* ********* ******* *** * ******* ** **;-£15.00;+£50.81;
19/04/2025;CREDIT IN;****** **** ******* ********* ** **********;+£9.34;+£65.81;
18/04/2025;CARD PAYMENT;**** ******* ** ****** ***************   ** **********;-£8.99;+£56.47;
18/04/2025;CARD PAYMENT;**** ******* ** *** ***** ** *****   ** **********;-£9.00;+£65.46;
18/04/2025;CARD PAYMENT;**** ******* ** *** ***** ********   ** **********;-£9.99;+£74.46;
17/04/2025;CARD PAYMENT;*** *** ****** ******* **** ***** ***** ** **********;-£13.89;+£84.45;
17/04/2025;DD;DIRECT DEBIT PAYMENT TO PLUM REF VQY*TB*, MANDATE NO ****;-£7.60;+£98.34;
15/04/2025;CARD PAYMENT;********* **** ***** ***** ** **********;-£5.98;+£105.94;
15/04/2025;CARD PAYMENT;**** ****** **** ***** ***** ** **********;-£7.58;+£111.92;
14/04/2025;PAYMENTS;**** ******* *** ****** ******* ** ****** * ******* ********* **** **** * ******* ** **;-£24.18;+£119.50;
14/04/2025;PAYMENTS;**** ******* *** ****** ******* ** ****** * ******* ********* ******* * ******* ** **;-£8.10;+£143.68;
14/04/2025;PAYMENTS;**** ******* *** ****** ******* ** ***** ******* ********* ******* * ******* ** **;-£20.00;+£151.78;
14/04/2025;CARD PAYMENT;**** ********** **** ***** ***** ** **********;-£9.96;+£171.78;
14/04/2025;PAYMENT;****** ******** ******* ********* **** * *******;+£160.00;+£181.74;
13/04/2025;CARD PAYMENT;********* **** ***** ***** ** **********;-£7.89;+£21.74;
13/04/2025;CARD PAYMENT;**** ****** **** ***** ***** ** **********;-£34.91;+£29.63;
13/04/2025;PAYMENT;****** ******** ******* ******** * ***** **** * *******;+£195.00;+£64.54;
13/04/2025;CARD PAYMENT;**** ** ********** **** ***** ***** ** **********;-£24.86;-£130.46;
12/04/2025;CARD PAYMENT;****** **** **** ***** ***** ** **********;-£6.00;-£105.60;
12/04/2025;CARD PAYMENT;****** **** **** ***** ***** ** **********;-£3.60;-£99.60;
12/04/2025;CARD PAYMENT;***** *** **** **** ***** ***** ** **********;-£15.25;-£96.00;
12/04/2025;CARD PAYMENT;******** *** **** ***** ***** ** **********;-£4.30;-£80.75;
12/04/2025;CARD PAYMENT;********* *** ***** **** ***** ***** ** **********;-£16.09;-£76.45;
11/04/2025;CARD PAYMENT;**** ******* ** ******* *********   ** **********;-£44.34;-£60.36;
11/04/2025;CARD PAYMENT;***** **** ******* **** ***** ***** ** **********;-£7.95;-£16.02;
11/04/2025;CARD PAYMENT;******** *** **** ***** ***** ** **********;-£4.30;-£8.07;
11/04/2025;CARD PAYMENT;**** ******* ** ****** ***************   ** **********;-£0.99;-£3.77;
10/04/2025;CARD PAYMENT;*********** ***** **** ***** ***** ** **********;-£8.00;-£2.78;
10/04/2025;CARD PAYMENT;********** ** ***** ** **** ***** ***** ** **********;-£1.00;+£5.22;
10/04/2025;CARD PAYMENT;*** ***** **** ***** ***** ** **********;-£9.99;+£6.22;
10/04/2025;DD;DIRECT DEBIT PAYMENT TO PLUM REF VQY*TB*, MANDATE NO ****;-£8.19;+£16.21;
09/04/2025;CARD PAYMENT;******* ****** **** ***** ***** ** **********;-£2.50;+£24.40;
09/04/2025;CARD PAYMENT;*** ***** **** ***** ***** ** **********;-£8.89;+£26.90;
09/04/2025;CARD PAYMENT;******** *** **** ***** ***** ** **********;-£4.30;+£35.79;
08/04/2025;CARD PAYMENT;********** ** ***** ** **** ***** ***** ** **********;-£1.00;+£40.09;
07/04/2025;CARD PAYMENT;**** ** ********** **** ***** ***** ** **********;-£13.51;+£41.09;
07/04/2025;CARD PAYMENT;**** ******* ** ****** ****   ** **********;-£8.99;+£54.60;
06/04/2025;CARD PAYMENT;**** ******* ** ******** *****   ** **********;-£6.99;+£63.59;
06/04/2025;PAYMENT;****** ******** ******* ******** * ***** **** * *******;+£98.50;+£70.58;
05/04/2025;CARD PAYMENT;***** *** **** **** ***** ***** ** **********;-£5.70;-£27.92;
05/04/2025;CARD PAYMENT;******** *** **** ***** ***** ** **********;-£4.30;-£22.22;
04/04/2025;CARD PAYMENT;********* *** **** ***** ***** ** **********;-£2.99;-£17.92;
04/04/2025;CARD PAYMENT;********* *** **** ***** ***** ** **********;-£3.48;-£14.93;
04/04/2025;CARD PAYMENT;******** *** **** ***** ***** ** **********;-£4.30;-£11.45;
04/04/2025;DD;DIRECT DEBIT PAYMENT TO PLUM REF VQY*TB*, MANDATE NO ****;-£6.71;-£7.15;
03/04/2025;CARD PAYMENT;***** **** ******* **** ***** ***** ** **********;-£5.25;-£0.44;
03/04/2025;CARD PAYMENT;******** *** **** ***** ***** ** **********;-£4.30;+£4.81;
02/04/2025;CARD PAYMENT;******* *** **** * **** ***** ***** ** **********;-£1.55;+£9.11;
02/04/2025;CARD PAYMENT;******** *** **** ***** ***** ** **********;-£4.30;+£10.66;
01/04/2025;CARD PAYMENT;********* ** **** ***** ***** ** **********;-£2.50;+£14.96;
01/04/2025;CARD PAYMENT;****** **** **** ***** ***** ** **********;-£3.10;+£17.46;
01/04/2025;CARD PAYMENT;****** **** **** ***** ***** ** **********;-£3.10;+£20.56;
01/04/2025;CARD PAYMENT;***** *** **** **** ***** ***** ** **********;-£42.45;+£23.66;
01/04/2025;PAYMENT;****** ******** ******* ******** * ***** **** * *******;+£103.25;+£66.11;
30/03/2025;CREDIT IN;****** **** ****** ***** ** **********;+£8.99;-£37.14;
30/03/2025;CARD PAYMENT;**** ********** **** ***** ***** ** **********;-£18.16;-£46.13;
30/03/2025;CARD PAYMENT;*** ***** **** ***** ***** ** **********;-£8.39;-£27.97;
30/03/2025;CARD PAYMENT;******** *** **** ***** ***** ** **********;-£2.60;-£19.58;
30/03/2025;CARD PAYMENT;**** ******* ** ******* *******   ** **********;-£5.99;-£16.98;
29/03/2025;CARD PAYMENT;********* **** ***** ***** ** **********;-£32.95;-£10.99;
29/03/2025;CARD PAYMENT;******* *** **** * **** ***** ***** ** **********;-£2.02;+£21.96;
29/03/2025;CARD PAYMENT;******** *** **** ***** ***** ** **********;-£4.30;+£23.98;
29/03/2025;CARD PAYMENT;**** ******* ** ****** ***************   ** **********;-£8.99;+£28.28;
28/03/2025;PAYMENT;****** ******** ******* ************* * *** **** * *******;+£30.00;+£37.27;
28/03/2025;CARD PAYMENT;********* ** **** ***** ***** ** **********;-£2.50;+£7.27;
28/03/2025;CARD PAYMENT;******** *** **** ***** ***** ** **********;-£4.30;+£9.77;
27/03/2025;PAYMENTS;**** ******* *** ****** ******* ** ****** * ******* ********* ********** ******* * *******;-£142.00;+£14.07;
27/03/2025;CARD PAYMENT;******** *** **** ***** ***** ** **********;-£4.30;+£156.07;
27/03/2025;DD;DIRECT DEBIT PAYMENT TO PLUM REF VQY*TB*, MANDATE NO ****;-£10.50;+£160.37;
26/03/2025;CARD PAYMENT;******* ****** **** ***** ***** ** **********;-£2.50;+£170.87;
26/03/2025;CARD PAYMENT;********** ** ***** ** **** ***** ***** ** **********;-£1.00;+£173.37;
26/03/2025;CARD PAYMENT;******** *** **** ***** ***** ** **********;-£4.30;+£174.37;
25/03/2025;CARD PAYMENT;******** ***** **** ***** ***** ** **********;-£6.99;+£178.67;
24/03/2025;CARD PAYMENT;*** ******** **** **** ***** ***** ** **********;-£9.00;+£185.66;
24/03/2025;PAYMENT;****** ******** ******* ******************* **** ***************** **** * ** **;+£142.79;+£194.66;
24/03/2025;CARD PAYMENT;***** *** **** **** ***** ***** ** **********;-£44.13;+£51.87;
23/03/2025;CARD PAYMENT;**** ******* ** ******* *********   ** **********;-£13.99;+£96.00;
23/03/2025;CARD PAYMENT;**** ******* ** ******** *********   ** **********;-£821.41;+£109.99;
23/03/2025;CARD PAYMENT;**** ******* ** **** ******* ***   ** **********;-£255.00;+£931.40;
23/03/2025;PAYMENT;****** ******** ******* ********* **** * **** * *******;+£127.25;+£1186.40;
23/03/2025;CARD PAYMENT;**** ********** **** ***** ***** ** **********;-£5.76;+£1059.15;
23/03/2025;CARD PAYMENT;****************** **** ***** ***** ** **********;-£3.00;+£1064.91;
22/03/2025;PAYMENT;****** ******** ******* ******* **** * *******;+£880.00;+£1067.91;
22/03/2025;PAYMENT;****** ******** ******* ******* **** * *******;+£250.00;+£187.91;
22/03/2025;PAYMENT;****** ******** ******* ******* ******** **** * *******;+£1900.00;-£62.09;
22/03/2025;PAYMENTS;**** ******* *** ****** ******* ** ****** * ******* ********* *** **** * ******* ** **;-£1900.00;-£1962.09;
22/03/2025;CARD PAYMENT;***** ****** **** **** ***** ***** ** **********;-£4.45;-£62.09;
21/03/2025;CARD PAYMENT;********* *** **** ***** ***** ** **********;-£2.19;-£57.64;
21/03/2025;CARD PAYMENT;****** ******** ****** **** ***** ***** ** **********;-£2.10;-£55.45;
20/03/2025;CARD PAYMENT;****************** **** ***** ***** ** **********;-£2.90;-£53.35;
20/03/2025;CARD PAYMENT;********* ** **** ***** ***** ** **********;-£2.50;-£50.45;
20/03/2025;CARD PAYMENT;****** **** **** ***** ***** ** **********;-£3.10;-£47.95;
20/03/2025;CARD PAYMENT;****** **** **** ***** ***** ** **********;-£3.10;-£44.85;
20/03/2025;CARD PAYMENT;****** **** **** ***** ***** ** **********;-£3.10;-£41.75;
20/03/2025;CARD PAYMENT;****** ******** ****** **** ***** ***** ** **********;-£3.00;-£38.65;
20/03/2025;CARD PAYMENT;****************** **** ***** ***** ** **********;-£3.00;-£35.65;
20/03/2025;DD;DIRECT DEBIT PAYMENT TO PLUM REF VQY*TB*, MANDATE NO ****;-£9.93;-£32.65;
19/03/2025;CARD PAYMENT;****************** **** ***** ***** ** **********;-£2.90;-£22.72;
19/03/2025;CARD PAYMENT;*** ***** **** ***** ***** ** **********;-£2.58;-£19.82;
19/03/2025;CARD PAYMENT;***** ****** **** **** ***** ***** ** **********;-£5.75;-£17.24;
19/03/2025;CARD PAYMENT;*********** **** ***** ***** ** **********;-£15.00;-£11.49;
19/03/2025;CARD PAYMENT;****************** **** ***** ***** ** **********;-£3.00;+£3.51;
18/03/2025;CARD PAYMENT;** *********** **** ***** ***** ** **********;-£0.40;+£6.51;
18/03/2025;CARD PAYMENT;** *********** **** ***** ***** ** **********;-£4.53;+£6.91;
18/03/2025;CARD PAYMENT;** *********** **** ***** ***** ** **********;-£10.32;+£11.44;
18/03/2025;CARD PAYMENT;** *********** **** ***** ***** ** **********;-£6.99;+£21.76;
18/03/2025;PAYMENT;****** ******** ******* ******** **** * *******;+£20.00;+£28.75;
18/03/2025;CARD PAYMENT;***** ****** **** **** ***** ***** ** **********;-£1.30;+£8.75;
18/03/2025;CARD PAYMENT;**** ******* ** *** ***** ** *****   ** **********;-£9.00;+£10.05;
18/03/2025;CARD PAYMENT;**** ******* ** *** ***** ********   ** **********;-£9.99;+£19.05;
17/03/2025;PAYMENT;****** ******** ******* ********* ****** **** * *******;+£15.00;+£29.04;
17/03/2025;CARD PAYMENT;****** ******** ****** **** ***** ***** ** **********;-£2.10;+£14.04;
17/03/2025;PAYMENT;****** ******** ******* ******* ******** **** * *******;+£30.00;+£16.14;
16/03/2025;TRANSFER OUT;**** ******* ** * ****** ******* ********** ********* ****** ******** ******* *******;-£90.00;-£13.86;
16/03/2025;CARD PAYMENT;**** ** ********** **** ***** ***** ** **********;-£5.04;+£76.14;
16/03/2025;CARD PAYMENT;** *********** **** ***** ***** ** **********;-£3.13;+£81.18;
16/03/2025;CARD PAYMENT;** *********** **** ***** ***** ** **********;-£5.11;+£84.31;
16/03/2025;CARD PAYMENT;***** *** **** **** ***** ***** ** **********;-£4.90;+£89.42;
16/03/2025;CARD PAYMENT;****************** **** ***** ***** ** **********;-£2.90;+£94.32;
15/03/2025;CARD PAYMENT;** *********** **** ***** ***** ** **********;-£10.51;+£97.22;
15/03/2025;CARD PAYMENT;** *********** **** ***** ***** ** **********;-£4.53;+£107.73;
15/03/2025;PAYMENT;****** ******** ******* ********* ***** **** * *******;+£95.00;+£112.26;
14/03/2025;TRANSFER OUT;**** ******* ** * ****** ******* ********** ********* ****** ******** ******* *******;-£45.00;+£17.26;
14/03/2025;PAYMENT;****** ******** ******* ********* ***** **** * *******;+£45.00;+£62.26;
14/03/2025;CARD PAYMENT;****************** **** ***** ***** ** **********;-£3.00;+£17.26;
13/03/2025;CARD PAYMENT;********** ****** **** ***** ***** ** **********;-£0.39;+£20.26;
13/03/2025;CARD PAYMENT;**** * **** ******* **** ***** ***** ** **********;-£10.71;+£20.65;
13/03/2025;CARD PAYMENT;****** ******** ****** **** ***** ***** ** **********;-£2.10;+£31.36;
13/03/2025;CARD PAYMENT;******** ******* *** **** ***** ***** ** **********;-£15.20;+£33.46;
13/03/2025;DD;DIRECT DEBIT PAYMENT TO PLUM REF VQY*TB*, MANDATE NO ****;-£10.75;+£48.66;
12/03/2025;CARD PAYMENT;**** **************** **** ***** ***** ** **********;-£6.92;+£59.41;
12/03/2025;CARD PAYMENT;****************** **** ***** ***** ** **********;-£3.00;+£66.33;
11/03/2025;CARD PAYMENT;****************** **** ***** ***** ** **********;-£2.90;+£69.33;
11/03/2025;CARD PAYMENT;******* *** **** * **** ***** ***** ** **********;-£3.24;+£72.23;
11/03/2025;CARD PAYMENT;***** ****** **** **** ***** ***** ** **********;-£1.15;+£75.47;
11/03/2025;CARD PAYMENT;***** ****** **** **** ***** ***** ** **********;-£4.25;+£76.62;
11/03/2025;CARD PAYMENT;**** ******* ** ******** *****   ** **********;-£4.89;+£80.87;
11/03/2025;CARD PAYMENT;**** ******* ** ***** ***** **** * ***   ** **********;-£4.99;+£85.76;
10/03/2025;PAYMENT;****** ******** ******* ********* ***** **** * *******;+£50.00;+£90.75;
10/03/2025;TRANSFER OUT;**** ******* ** * ****** ******* ********** ********* ****** ******** ******* *******;-£45.00;+£40.75;
10/03/2025;CARD PAYMENT;****************** **** ***** ***** ** **********;-£6.00;+£85.75;
09/03/2025;PAYMENT;****** ******** ******* ********** **** **** ******;+£8.00;+£91.75;
09/03/2025;CARD PAYMENT;****** **** **** ***** ***** ** **********;-£6.00;+£83.75;
09/03/2025;CARD PAYMENT;**** ******* ** ***** ***** **** * ***   ** **********;-£3.49;+£89.75;
09/03/2025;CARD PAYMENT;**** **************** **** ***** ***** ** **********;-£20.67;+£93.24;
09/03/2025;CARD PAYMENT;************** **** ***** ***** ** **********;-£1.49;+£113.91;
09/03/2025;CARD PAYMENT;****************** **** ***** ***** ** **********;-£3.00;+£115.40;
09/03/2025;CARD PAYMENT;************ **** ***** ***** ** **********;-£18.45;+£118.40;
08/03/2025;PAYMENT;****** ******** ******* *********** **** ***** ******;+£4.00;+£136.85;
08/03/2025;CARD PAYMENT;*********** ****** **** ***** ***** ** **********;-£4.70;+£132.85;
08/03/2025;CARD PAYMENT;****************** **** ***** ***** ** **********;-£3.00;+£137.55;
08/03/2025;CARD PAYMENT;**** **************** **** ***** ***** ** **********;-£21.57;+£140.55;
07/03/2025;PAYMENT;****** ******** ******* *********** ****** **** * *******;+£180.00;+£162.12;
07/03/2025;CARD PAYMENT;********* ** **** ***** ***** ** **********;-£3.99;-£17.88;
07/03/2025;CARD PAYMENT;******* *** **** * **** ***** ***** ** **********;-£4.00;-£13.89;
07/03/2025;CARD PAYMENT;****************** **** ***** ***** ** **********;-£3.00;-£9.89;
07/03/2025;CARD PAYMENT;***** *** **** **** ***** ***** ** **********;-£3.40;-£6.89;
07/03/2025;CARD PAYMENT;**** ******* ** ****** ****   ** **********;-£8.99;-£3.49;
06/03/2025;CARD PAYMENT;****** ******** ****** **** ***** ***** ** **********;-£2.10;+£5.50;
06/03/2025;CARD PAYMENT;********* ** **** ***** ***** ** **********;-£2.50;+£7.60;
06/03/2025;CARD PAYMENT;**** ** ********** **** ***** ***** ** **********;-£4.84;+£10.10;
06/03/2025;CARD PAYMENT;** *********** **** ***** ***** ** **********;-£3.60;+£14.94;
06/03/2025;CARD PAYMENT;** *********** **** ***** ***** ** **********;-£10.32;+£18.54;
06/03/2025;CARD PAYMENT;** *********** **** ***** ***** ** **********;-£5.48;+£28.86;
06/03/2025;CARD PAYMENT;****** ******** ****** **** ***** ***** ** **********;-£2.10;+£34.34;
06/03/2025;DD;DIRECT DEBIT PAYMENT TO PLUM REF VQY*TB*, MANDATE NO ****;-£7.87;+£36.44;
05/03/2025;CARD PAYMENT;********* ** **** ***** ***** ** **********;-£2.50;+£44.31;
05/03/2025;CARD PAYMENT;******* *** **** * **** ***** ***** ** **********;-£3.24;+£46.81;
05/03/2025;CARD PAYMENT;********* ****** ***** **** ***** ***** ** **********;-£2.55;+£50.05;
05/03/2025;CARD PAYMENT;****************** **** ***** ***** ** **********;-£3.00;+£52.60;
05/03/2025;CARD PAYMENT;********* ******* **** ***** ***** ** **********;-£1.29;+£55.60;
04/03/2025;CARD PAYMENT;****** ******** ****** **** ***** ***** ** **********;-£2.10;+£56.89;
03/03/2025;CARD PAYMENT;***** ***** ****** **** ***** ***** ** **********;-£7.50;+£58.99;
03/03/2025;CARD PAYMENT;***** ***** ****** **** ***** ***** ** **********;-£7.45;+£66.49;
03/03/2025;TRANSFER OUT;**** ******* ** * ****** ******* ********** ********* ****** ******** ******* *******;-£45.00;+£73.94;
03/03/2025;PAYMENT;****** ******** ******* *********** ****** **** * *******;+£45.00;+£118.94;
03/03/2025;CARD PAYMENT;**** ** ********** **** ***** ***** ** **********;-£12.30;+£73.94;
02/03/2025;CARD PAYMENT;**** ******* ** ***** ***** **** * ***   ** **********;-£5.49;+£86.24;
01/03/2025;PAYMENT;****** ******** ******* ********* **** * **** * *******;+£95.00;+£91.73;
01/03/2025;CARD PAYMENT;***** ***** ****** **** ***** ***** ** **********;-£5.60;-£3.27;
01/03/2025;CARD PAYMENT;**** **************** **** ***** ***** ** **********;-£10.94;+£2.33;
01/03/2025;CARD PAYMENT;***** *** **** **** ***** ***** ** **********;-£5.59;+£13.27;
01/03/2025;CARD PAYMENT;***** *** **** **** ***** ***** ** **********;-£8.00;+£18.86;
01/03/2025;CARD PAYMENT;****************** **** ***** ***** ** **********;-£3.00;+£26.86;
01/03/2025;CARD PAYMENT;**** ******* ** ******* *******   ** **********;-£5.99;+£29.86;
01/03/2025;CARD PAYMENT;**** ******* ** ****** ***************   ** **********;-£8.99;+£35.85;
28/02/2025;PAYMENT;****** ******** ******* ******** **** * *******;+£25.00;+£44.84;
28/02/2025;CARD PAYMENT;****************** **** ***** ***** ** **********;-£3.00;+£19.84;
28/02/2025;CARD PAYMENT;****** ****** **** **** ***** ***** ** **********;-£67.98;+£22.84;
28/02/2025;CARD PAYMENT;******* *** **** * **** ***** ***** ** **********;-£4.14;+£90.82;
28/02/2025;CARD PAYMENT;******* *** **** * **** ***** ***** ** **********;-£4.68;+£94.96;
28/02/2025;PAYMENT;****** ******** ******* ******** **** * *******;+£25.00;+£99.64;
28/02/2025;CARD PAYMENT;***** ****** **** ***** ***** ** **********;-£9.43;+£74.64;
28/02/2025;TRANSFER OUT;**** ******* ** * ****** ******* ********** ********* ****** ******** ******* *******;-£45.00;+£84.07;
28/02/2025;PAYMENT;****** ******** ******* *********** ****** **** * *******;+£45.00;+£129.07;
28/02/2025;CARD PAYMENT;* * * **** ***** ***** ** **********;-£12.99;+£84.07;
28/02/2025;CARD PAYMENT;***** **** **** ***** ***** ** **********;-£1.25;+£97.06;
27/02/2025;CARD PAYMENT;****************** **** ***** ***** ** **********;-£6.00;+£98.31;
27/02/2025;CARD PAYMENT;********* ** **** ***** ***** ** **********;-£3.99;+£104.31;
27/02/2025;CARD PAYMENT;***** ***** ****** **** ***** ***** ** **********;-£4.00;+£108.30;
27/02/2025;CARD PAYMENT;************* *** **** **** ***** ***** ** **********;-£12.00;+£112.30;
27/02/2025;CARD PAYMENT;************* *** **** **** ***** ***** ** **********;-£21.90;+£124.30;
27/02/2025;CARD PAYMENT;*********** ****** *** **** ***** ***** ** **********;-£5.39;+£146.20;
27/02/2025;CARD PAYMENT;*** ***** **** ***** ***** ** **********;-£0.99;+£151.59;
27/02/2025;CARD PAYMENT;*** ***** **** ***** ***** ** **********;-£0.99;+£152.58;
27/02/2025;PAYMENT;****** ******** ******* ******* ***** **** * *******;+£100.00;+£153.57;
27/02/2025;CARD PAYMENT;****************** **** ***** ***** ** **********;-£3.00;+£53.57;
27/02/2025;CARD PAYMENT;***** ***** *** *** **** ***** ***** ** **********;-£10.00;+£56.57;
27/02/2025;DD;DIRECT DEBIT PAYMENT TO PLUM REF VQY*TB*, MANDATE NO ****;-£5.19;+£66.57;
26/02/2025;CARD PAYMENT;********* ** **** ***** ***** ** **********;-£2.50;+£71.76;
26/02/2025;CARD PAYMENT;********** ** ***** ** **** ***** ***** ** **********;-£0.95;+£74.26;
26/02/2025;CARD PAYMENT;****************** **** ***** ***** ** **********;-£3.00;+£75.21;
26/02/2025;CARD PAYMENT;***** **** ******* **** ***** ***** ** **********;-£5.25;+£78.21;
25/02/2025;CARD PAYMENT;**** ********** **** ***** ***** ** **********;-£7.85;+£83.46;
24/02/2025;PAYMENTS;**** ******* *** ****** ******* ** ******* **** ********* ***** * ***** * ******* ** ***;-£15.00;+£91.31;
24/02/2025;PAYMENT;****** ******** ******* ******* **** * **** * *******;+£95.00;+£106.31;
24/02/2025;CARD PAYMENT;**** ********** **** ***** ***** ** **********;-£20.88;+£11.31;
22/02/2025;CARD PAYMENT;****************** **** ***** ***** ** **********;-£3.00;+£32.19;
22/02/2025;CARD PAYMENT;**** ******* ** ****   ** **********;-£13.00;+£35.19;
22/02/2025;CARD PAYMENT;***** **** ******* **** ***** ***** ** **********;-£5.25;+£48.19;
22/02/2025;CARD PAYMENT;***** ****** **** **** ***** ***** ** **********;-£5.00;+£53.44;
22/02/2025;CARD PAYMENT;****** ******** ****** **** ***** ***** ** **********;-£2.10;+£58.44;
20/02/2025;CARD PAYMENT;**** ******* ** ****   ** **********;-£62.00;+£60.54;
20/02/2025;CARD PAYMENT;*** ******** **** **** ***** ***** ** **********;-£11.00;+£122.54;
20/02/2025;CARD PAYMENT;************** **** ***** ***** ** **********;-£11.99;+£133.54;
20/02/2025;DD;DIRECT DEBIT PAYMENT TO PLUM REF VQY*TB*, MANDATE NO ****;-£8.02;+£145.53;
19/02/2025;PAYMENT;****** ******** ******* ******* **** * **** * *******;+£95.00;+£153.55;
19/02/2025;CARD PAYMENT;******* *** **** * **** ***** ***** ** **********;-£1.12;+£58.55;
19/02/2025;CARD PAYMENT;******* *** **** * **** ***** ***** ** **********;-£3.24;+£59.67;
19/02/2025;CARD PAYMENT;********** ** ***** ** **** ***** ***** ** **********;-£1.00;+£62.91;
18/02/2025;CARD PAYMENT;****************** **** ***** ***** ** **********;-£2.90;+£63.91;
18/02/2025;CREDIT IN;****** **** ** ******** ** **********;+£5.80;+£66.81;
18/02/2025;CARD PAYMENT;********** ****** **** **** ***** ***** ** **********;-£50.00;+£61.01;
18/02/2025;CARD PAYMENT;***** **** **** ***** ***** ** **********;-£2.00;+£111.01;
18/02/2025;CARD PAYMENT;**** ****** *** **** ***** ***** ** **********;-£49.15;+£113.01;
18/02/2025;CARD PAYMENT;**** ** ********** **** ***** ***** ** **********;-£3.18;+£162.16;
18/02/2025;CARD PAYMENT;****************** **** ***** ***** ** **********;-£3.00;+£165.34;
18/02/2025;CARD PAYMENT;********** ***** **** ***** ***** ** **********;-£120.00;+£168.34;
18/02/2025;CARD PAYMENT;**** ******* ** *** ***** ********   ** **********;-£9.99;+£288.34;
18/02/2025;CARD PAYMENT;**** ******* ** *** ***** ***** **   ** **********;-£9.00;+£298.33;
18/02/2025;PAYMENTS;**** ******* *** ****** ******* ** ****** * ******* ********* ******* ******* * ******* **;-£13.95;+£307.33;
17/02/2025;PAYMENT;****** ******** ******* ******** *** ******** **** * *******;+£100.00;+£321.28;
17/02/2025;PAYMENT;****** ******** ******* ************ **** * *******;+£121.96;+£221.28;
17/02/2025;CARD PAYMENT;****************** **** ***** ***** ** **********;-£2.90;+£99.32;
17/02/2025;CARD PAYMENT;** ********* ***** **** ***** ***** ** **********;-£1.00;+£102.22;
17/02/2025;CARD PAYMENT;** ********* ***** **** ***** ***** ** **********;-£3.00;+£103.22;
16/02/2025;CARD PAYMENT;****** ***** **** ***** ***** ** **********;-£5.90;+£106.22;
16/02/2025;CARD PAYMENT;***** ***** ****** **** ***** ***** ** **********;-£10.00;+£112.12;
16/02/2025;CARD PAYMENT;*********** **** ***** ***** ** **********;-£7.58;+£122.12;
16/02/2025;PAYMENTS;**** ******* *** ****** ******* ** ******* ****** ********* ********* * ******* ** **;-£8.58;+£129.70;
16/02/2025;CARD PAYMENT;****************** **** ***** ***** ** **********;-£3.00;+£138.28;
16/02/2025;CARD PAYMENT;****************** **** ***** ***** ** **********;-£3.00;+£141.28;
15/02/2025;PAYMENTS;**** ******* *** ****** ******* ** ******* **** ********* ********* * ******* ** ***;-£5.00;+£144.28;
15/02/2025;CARD PAYMENT;** *********** **** ***** ***** ** **********;-£2.84;+£149.28;
15/02/2025;CARD PAYMENT;** *********** **** ***** ***** ** **********;-£2.84;+£152.12;
15/02/2025;CARD PAYMENT;****** ******** ****** **** ***** ***** ** **********;-£2.10;+£154.96;
14/02/2025;PAYMENT;****** ******** ******* ********* *** **** * *******;+£150.00;+£157.06;
14/02/2025;CARD PAYMENT;*********** ********** **** ***** ***** ** **********;-£25.00;+£7.06;
14/02/2025;CARD PAYMENT;******* *** **** * **** ***** ***** ** **********;-£3.24;+£32.06;
14/02/2025;CARD PAYMENT;****** ******** ****** **** ***** ***** ** **********;-£2.10;+£35.30;
14/02/2025;TRANSFER OUT;**** ******* ** * ****** ******* ********** ********* ****** ******** ******* *******;-£45.00;+£37.40;
14/02/2025;PAYMENT;****** ******** ******* *********** ****** **** * *******;+£45.00;+£82.40;
14/02/2025;PAYMENT;****** ******** ******* *********** **** * *******;+£30.00;+£37.40;
14/02/2025;CARD PAYMENT;***** *** **** **** ***** ***** ** **********;-£2.60;+£7.40;
14/02/2025;CARD PAYMENT;********* **** *** **** ***** ***** ** **********;-£20.08;+£10.00;
14/02/2025;PAYMENT;****** ******** ******* ******* **** * **** * *******;+£5.00;+£30.08;
13/02/2025;PAYMENT;****** ******** ******* ******* **** * **** * *******;+£20.00;+£25.08;
13/02/2025;CARD PAYMENT;****************** **** ***** ***** ** **********;-£5.80;+£5.08;
13/02/2025;CARD PAYMENT;****************** **** ***** ***** ** **********;-£3.00;+£10.88;
13/02/2025;CARD PAYMENT;************** **** ***** ***** ** **********;-£4.99;+£13.88;
13/02/2025;DD;DIRECT DEBIT PAYMENT TO PLUM REF VQY*TB*, MANDATE NO ****;-£14.80;+£18.87;
12/02/2025;CARD PAYMENT;****************** **** ***** ***** ** **********;-£3.00;+£33.67;
12/02/2025;CARD PAYMENT;**** ******* ** ******* *********   ** **********;-£29.99;+£36.67;
12/02/2025;CARD PAYMENT;***** **** ******* **** ***** ***** ** **********;-£5.25;+£66.66;
12/02/2025;CREDIT IN;****** **** ** **** *** ********** ** **********;+£0.10;+£71.91;
11/02/2025;CARD PAYMENT;****** ******** ****** **** ***** ***** ** **********;-£2.10;+£71.81;
11/02/2025;CARD PAYMENT;****************** **** ***** ***** ** **********;-£3.00;+£73.91;
11/02/2025;CARD PAYMENT;******* *** **** * **** ***** ***** ** **********;-£0.90;+£76.91;
11/02/2025;CARD PAYMENT;********** ** ***** ** **** ***** ***** ** **********;-£2.25;+£77.81;
10/02/2025;CARD PAYMENT;***** ***** ****** **** ***** ***** ** **********;-£11.00;+£80.06;
09/02/2025;PAYMENT;****** ******** ******* ******* **** * **** * *******;+£95.00;+£91.06;
09/02/2025;CARD PAYMENT;***** *** **** **** ***** ***** ** **********;-£3.60;-£3.94;
09/02/2025;CARD PAYMENT;****************** **** ***** ***** ** **********;-£3.00;-£0.34;
08/02/2025;CARD PAYMENT;** ********* ***** **** ***** ***** ** **********;-£3.00;+£2.66;
08/02/2025;CARD PAYMENT;****************** **** ***** ***** ** **********;-£3.00;+£5.66;
08/02/2025;CARD PAYMENT;*********** **** ***** ***** ** **********;-£1.49;+£8.66;
08/02/2025;CARD PAYMENT;****** ******** ****** **** ***** ***** ** **********;-£2.10;+£10.15;
08/02/2025;CARD PAYMENT;**** ******* ** ***************   ** **********;-£6.64;+£12.25;
08/02/2025;CARD PAYMENT;**** ****** ******* **** ***** ***** ** **********;-£6.45;+£18.89;
08/02/2025;CARD PAYMENT;****** ******** ****** **** ***** ***** ** **********;-£2.10;+£25.34;
07/02/2025;CARD PAYMENT;****** ******** ****** **** ***** ***** ** **********;-£2.10;+£27.44;
07/02/2025;CARD PAYMENT;********* ******* **** ***** ***** ** **********;-£5.39;+£29.54;
07/02/2025;TRANSFER OUT;**** ******* ** * ****** ******* ********** ********* ****** ******** ******* *******;-£45.00;+£34.93;
07/02/2025;PAYMENT;****** ******** ******* *********** ****** **** * *******;+£45.00;+£79.93;
07/02/2025;CARD PAYMENT;***** **** ******* **** ***** ***** ** **********;-£5.25;+£34.93;
07/02/2025;CARD PAYMENT;***** ****** **** **** ***** ***** ** **********;-£5.00;+£40.18;
07/02/2025;CARD PAYMENT;** *********** **** ***** ***** ** **********;-£11.32;+£45.18;
07/02/2025;CARD PAYMENT;****** ******** ****** **** ***** ***** ** **********;-£2.10;+£56.50;
07/02/2025;CARD PAYMENT;****************** **** ***** ***** ** **********;-£3.00;+£58.60;
07/02/2025;CARD PAYMENT;**** ******* ** ****** ****   ** **********;-£8.99;+£61.60;
07/02/2025;CARD PAYMENT;****** ******** ****** **** ***** ***** ** **********;-£2.10;+£70.59;
06/02/2025;CARD PAYMENT;****** ****** **** **** ***** ***** ** **********;-£88.00;+£72.69;
06/02/2025;CARD PAYMENT;******* *** **** * **** ***** ***** ** **********;-£3.24;+£160.69;
06/02/2025;CARD PAYMENT;****************** **** ***** ***** ** **********;-£3.00;+£163.93;
06/02/2025;CARD PAYMENT;****** ******** ****** **** ***** ***** ** **********;-£2.10;+£166.93;
06/02/2025;CARD PAYMENT;********** **** ***** ***** ** **********;-£13.00;+£169.03;
06/02/2025;CARD PAYMENT;***** ***** ********* **** ***** ***** ** **********;-£20.63;+£182.03;
06/02/2025;DD;DIRECT DEBIT PAYMENT TO PLUM REF VQY*TB*, MANDATE NO ****;-£10.75;+£202.66;
05/02/2025;PAYMENT;****** ******** ******* ******** ***** *** **** * *******;+£95.00;+£213.41;
05/02/2025;PAYMENT;****** ******** ******* ********* **** * *******;+£80.00;+£118.41;
05/02/2025;CARD PAYMENT;****** ******** ****** **** ***** ***** ** **********;-£2.10;+£38.41;
05/02/2025;CARD PAYMENT;******* *** **** * **** ***** ***** ** **********;-£0.90;+£40.51;
05/02/2025;PAYMENT;****** ******** ******* *********** **** * *******;+£30.00;+£41.41;
05/02/2025;PAYMENTS;**** ******* *** ****** ******* ** ****** * ******* ********* ******* * ******* ** **;-£50.00;+£11.41;
05/02/2025;CARD PAYMENT;***** **** ******* **** ***** ***** ** **********;-£5.25;+£61.41;
05/02/2025;CARD PAYMENT;****** ******** ****** **** ***** ***** ** **********;-£2.10;+£66.66;
04/02/2025;CARD PAYMENT;****** ******** ****** **** ***** ***** ** **********;-£2.10;+£68.76;
04/02/2025;CARD PAYMENT;***** ***** ****** **** ***** ***** ** **********;-£7.25;+£70.86;
04/02/2025;CARD PAYMENT;****************** **** ***** ***** ** **********;-£5.90;+£78.11;
04/02/2025;CARD PAYMENT;********** ****** **** **** ***** ***** ** **********;-£50.00;+£84.01;
04/02/2025;CARD PAYMENT;****************** **** ***** ***** ** **********;-£8.00;+£134.01;
04/02/2025;CARD PAYMENT;****** ******** ****** **** ***** ***** ** **********;-£2.10;+£142.01;
03/02/2025;CARD PAYMENT;**** ****** **** ***** ***** ** **********;-£6.21;+£144.11;
03/02/2025;PAYMENT;****** ******** ******* *********** **** * *******;+£100.00;+£150.32;
03/02/2025;CARD PAYMENT;****************** **** ***** ***** ** **********;-£3.00;+£50.32;
03/02/2025;CARD PAYMENT;****** ******** ****** **** ***** ***** ** **********;-£2.10;+£53.32;
02/02/2025;CARD PAYMENT;****************** **** ***** ***** ** **********;-£3.00;+£55.42;
02/02/2025;CARD PAYMENT;****** ******** ****** **** ***** ***** ** **********;-£2.10;+£58.42;
01/02/2025;CARD PAYMENT;** ********* ***** **** ***** ***** ** **********;-£1.00;+£60.52;
01/02/2025;CARD PAYMENT;** ********* ***** **** ***** ***** ** **********;-£3.00;+£61.52;
01/02/2025;CARD PAYMENT;*********** **** ***** ***** ** **********;-£8.38;+£64.52;
01/02/2025;CARD PAYMENT;**** **************** **** ***** ***** ** **********;-£11.96;+£72.90;
01/02/2025;CARD PAYMENT;****** ******** ****** **** ***** ***** ** **********;-£2.10;+£84.86;
01/02/2025;CARD PAYMENT;**** ******* ** ** ********   ** **********;-£58.01;+£86.96;
01/02/2025;CARD PAYMENT;**** ******* ** ******* *****   ** **********;-£76.56;+£144.97;
31/01/2025;PAYMENT;****** ******** ******* ************* **** * *******;+£75.00;+£221.53;
31/01/2025;PAYMENTS;**** ******* *** ****** ******* ** ****** * ******* ********* ******* * ******* ** **;-£1357.84;+£146.53;
31/01/2025;PAYMENTS;**** ******* *** ****** ******* ** ****** * ******* ********* ******* * ******* ** **;-£1500.00;+£1504.37;
31/01/2025;CARD PAYMENT;****************** **** ***** ***** ** **********;-£5.90;+£3004.37;
31/01/2025;CARD PAYMENT;****** **** **** ***** ***** ** **********;-£5.90;+£3010.27;
31/01/2025;CARD PAYMENT;****** **** **** ***** ***** ** **********;-£11.80;+£3016.17;
31/01/2025;CARD PAYMENT;***** ****** **** ***** ***** ** **********;-£3.20;+£3027.97;
31/01/2025;CARD PAYMENT;******** ******* *** **** ***** ***** ** **********;-£8.00;+£3031.17;
30/01/2025;CARD PAYMENT;***** ***** ****** **** ***** ***** ** **********;-£8.40;+£3039.17;
30/01/2025;CARD PAYMENT;********** ****** **** **** ***** ***** ** **********;-£26.80;+£3047.57;
30/01/2025;CARD PAYMENT;**** ******* ** ******* *******   ** **********;-£5.99;+£3074.37;
30/01/2025;DD;DIRECT DEBIT PAYMENT TO PLUM REF VQY*TB*, MANDATE NO ****;-£6.20;+£3080.36;
29/01/2025;CARD PAYMENT;********** ****** **** ***** ***** ** **********;-£6.19;+£3086.56;
29/01/2025;CARD PAYMENT;****************** **** ***** ***** ** **********;-£5.50;+£3092.75;
29/01/2025;TRANSFER OUT;**** ******* ** * ****** ******* ********** ********* ****** ******** ******* *******;-£45.00;+£3098.25;
29/01/2025;CARD PAYMENT;**** ******* ** **********************   ** **********;-£4.60;+£3143.25;
29/01/2025;CARD PAYMENT;**** ******* ** ** *** ****** ***** **   ** **********;-£29.95;+£3147.85;
29/01/2025;CARD PAYMENT;***** *** ****** **** ***** ***** ** **********;-£5.50;+£3177.80;
27/01/2025;PAYMENT;****** ******** ******* ******************* **** ***************** **** * ** **;+£30.25;+£3183.30;
27/01/2025;CARD PAYMENT;***** ***** ********** **** ***** ***** ** **********;-£3.50;+£3153.05;
25/01/2025;CARD PAYMENT;**** ******* ** **********************   ** **********;-£30.25;+£3156.55;
25/01/2025;CARD PAYMENT;**** ** ********** **** ***** ***** ** **********;-£9.52;+£3186.80;
24/01/2025;CARD PAYMENT;********* **** ***** ***** ** **********;-£12.18;+£3196.32;
24/01/2025;CARD PAYMENT;****************** **** ***** ***** ** **********;-£3.00;+£3208.50;
24/01/2025;CARD PAYMENT;***** ****** **** ***** ***** ** **********;-£3.20;+£3211.50;
23/01/2025;CARD PAYMENT;****** ******** ****** **** ***** ***** ** **********;-£2.10;+£3214.70;
23/01/2025;DD;DIRECT DEBIT PAYMENT TO PLUM REF VQY*TB*, MANDATE NO ****;-£10.77;+£3216.80;
22/01/2025;CARD PAYMENT;****************** **** ***** ***** ** **********;-£2.60;+£3227.57;
22/01/2025;TRANSFER OUT;**** ******* ** * ****** ******* ********** ********* ****** ******** ******* *******;-£45.00;+£3230.17;
22/01/2025;CARD PAYMENT;**** ** ********** **** ***** ***** ** **********;-£0.95;+£3275.17;
22/01/2025;CARD PAYMENT;****** ******** ****** **** ***** ***** ** **********;-£2.10;+£3276.12;
21/01/2025;CARD PAYMENT;****************** **** ***** ***** ** **********;-£3.00;+£3278.22;
21/01/2025;CARD PAYMENT;**** ******* ** ** ****** *** ******   ** **********;-£28.00;+£3281.22;
21/01/2025;CARD PAYMENT;***** *** **** **** ***** ***** ** **********;-£1.45;+£3309.22;
21/01/2025;CARD PAYMENT;***** ****** **** **** ***** ***** ** **********;-£9.95;+£3310.67;
21/01/2025;CARD PAYMENT;**** ** ********** **** ***** ***** ** **********;-£18.37;+£3320.62;
21/01/2025;CARD PAYMENT;****** ******** ****** **** ***** ***** ** **********;-£2.10;+£3338.99;
20/01/2025;CARD PAYMENT;****************** **** ***** ***** ** **********;-£2.60;+£3341.09;
20/01/2025;CARD PAYMENT;********** ****** **** ***** ***** ** **********;-£1.20;+£3343.69;
20/01/2025;CARD PAYMENT;*********** **** ***** ***** ** **********;-£6.99;+£3344.89;
20/01/2025;CARD PAYMENT;***** ***** **** ***** ***** ** **********;-£1.00;+£3351.88;
20/01/2025;CARD PAYMENT;** ********* ***** **** ***** ***** ** **********;-£3.00;+£3352.88;
20/01/2025;CARD PAYMENT;****** ******** ****** **** ***** ***** ** **********;-£2.10;+£3355.88;
18/01/2025;CARD PAYMENT;****************** **** ***** ***** ** **********;-£5.50;+£3357.98;
18/01/2025;CARD PAYMENT;**** ******* ** ***** ***** **** * ***   ** **********;-£3.49;+£3363.48;
17/01/2025;CARD PAYMENT;********* ** **** ***** ***** ** **********;-£2.79;+£3366.97;
17/01/2025;CARD PAYMENT;****************** **** ***** ***** ** **********;-£3.00;+£3369.76;
17/01/2025;CARD PAYMENT;***** ****** **** **** ***** ***** ** **********;-£5.60;+£3372.76;
17/01/2025;CARD PAYMENT;**** ******* ** ********* ***** **** **** ********** ** **********;-£4.92;+£3378.36;
17/01/2025;CARD PAYMENT;****************** **** ***** ***** ** **********;-£3.00;+£3383.28;
16/01/2025;CARD PAYMENT;****** ******** ****** **** ***** ***** ** **********;-£2.10;+£3386.28;
16/01/2025;CARD PAYMENT;***** **** ******* **** ***** ***** ** **********;-£5.25;+£3388.38;
16/01/2025;CARD PAYMENT;****** ******** ****** **** ***** ***** ** **********;-£2.10;+£3393.63;
16/01/2025;DD;DIRECT DEBIT PAYMENT TO PLUM REF VQY*TB*, MANDATE NO ****;-£4.22;+£3395.73;
15/01/2025;CARD PAYMENT;***** ****** **** **** ***** ***** ** **********;-£2.45;+£3399.95;
15/01/2025;CARD PAYMENT;****** ******** ****** **** ***** ***** ** **********;-£2.10;+£3402.40;
15/01/2025;CARD PAYMENT;****** ******** ****** **** ***** ***** ** **********;-£2.10;+£3404.50;
14/01/2025;CARD PAYMENT;****************** **** ***** ***** ** **********;-£3.00;+£3406.60;
14/01/2025;CARD PAYMENT;***** ****** **** **** ***** ***** ** **********;-£4.99;+£3409.60;
14/01/2025;CARD PAYMENT;**** ******* ** ****** ***************   ** **********;-£4.49;+£3414.59;
14/01/2025;CARD PAYMENT;**** ******* ** ** **** *** **********   ** **********;-£2.99;+£3419.08;
14/01/2025;CARD PAYMENT;****** ******** ****** **** ***** ***** ** **********;-£2.10;+£3422.07;
14/01/2025;DD;DIRECT DEBIT PAYMENT TO PLUM REF VQY*TB*, MANDATE NO ****;-£20.21;+£3424.17;
10/01/2025;CARD PAYMENT;***** *** **** **** ***** ***** ** **********;-£10.05;+£3444.38;
10/01/2025;CARD PAYMENT;**** ** ********** **** ***** ***** ** **********;-£4.33;+£3454.43;
08/01/2025;TRANSFER OUT;**** ******* ** * ****** ******* ********** ********* ****** ******** ******* *******;-£45.00;+£3458.76;
08/01/2025;CARD PAYMENT;**** ** ********** **** ***** ***** ** **********;-£13.96;+£3503.76;
07/01/2025;CARD PAYMENT;****************** **** ***** ***** ** **********;-£3.00;+£3517.72;
07/01/2025;CARD PAYMENT;***** **** ******* **** ***** ***** ** **********;-£5.25;+£3520.72;
07/01/2025;CARD PAYMENT;**** ******* ** ****** ****   ** **********;-£8.99;+£3525.97;
07/01/2025;CARD PAYMENT;****** ******** ****** **** ***** ***** ** **********;-£2.10;+£3534.96;
05/01/2025;CARD PAYMENT;*********** **** ***** ***** ** **********;-£6.99;+£3537.06;
05/01/2025;CARD PAYMENT;** ********* ***** **** ***** ***** ** **********;-£3.00;+£3544.05;
05/01/2025;CARD PAYMENT;****** ******** ****** **** ***** ***** ** **********;-£2.10;+£3547.05;
04/01/2025;CARD PAYMENT;**** ******* ** ******** *****   ** **********;-£18.87;+£3549.15;
03/01/2025;CARD PAYMENT;***** *** **** **** ***** ***** ** **********;-£4.40;+£3568.02;
02/01/2025;CARD PAYMENT;***** ***** ****** **** ***** ***** ** **********;-£5.50;+£3572.42;
02/01/2025;CARD PAYMENT;**** ****** **** ***** ***** ** **********;-£6.60;+£3577.92;
02/01/2025;DD;DIRECT DEBIT PAYMENT TO GOCARDLESS REF CLIMBINGUNIT-WDXVJ, MANDATE NO ****;-£39.00;+£3584.52;
02/01/2025;CREDIT IN;**** **** ****** *** *** ************** ***********;+£3568.95;+£3623.52;
01/01/2025;CARD PAYMENT;****************** **** ***** ***** ** **********;-£4.00;+£54.57;
01/01/2025;CARD PAYMENT;****** **** ***** **** ***** ***** ** **********;-£8.00;+£58.57;
31/12/2024;CARD PAYMENT;******* *** **** **** ***** ***** ** **********;-£5.80;+£66.57;
31/12/2024;PAYMENTS;**** ******* *** ****** ******* ** ****** * ******* ********* ****** * ***** * ******* **;-£19.00;+£72.37;
31/12/2024;PAYMENT;****** ******** ******* ******** **** * *******;+£100.00;+£91.37;
30/12/2024;CARD PAYMENT;**** ******* ** ***** ********   ** **********;-£4.01;-£8.63;
30/12/2024;CARD PAYMENT;**** ******* ** ******* *******   ** **********;-£5.99;-£4.62;
29/12/2024;CARD PAYMENT;****** ***** ***** **** ***** ***** ** **********;-£6.79;+£1.37;
29/12/2024;CARD PAYMENT;***** *** **** **** ***** ***** ** **********;-£17.85;+£8.16;
28/12/2024;PAYMENT;****** ******** ******* ******** **** * *******;+£40.00;+£26.01;
27/12/2024;CARD PAYMENT;**** ******* ** ***** *******   ** **********;-£17.99;-£13.99;
25/12/2024;CARD PAYMENT;**** ******* ** ************** *******   ** **********;-£22.79;+£4.00;
24/12/2024;CARD PAYMENT;***** ***** ****** **** ***** ***** ** **********;-£5.00;+£26.79;
24/12/2024;CARD PAYMENT;***** ***** ****** **** ***** ***** ** **********;-£10.45;+£31.79;
24/12/2024;CARD PAYMENT;**** **** ***** ***** ** **********;-£1.85;+£42.24;
24/12/2024;CARD PAYMENT;** *********** **** ***** ***** ** **********;-£14.93;+£44.09;
23/12/2024;PAYMENT;****** ******** ******* ************ **** * *******;+£25.00;+£59.02;
23/12/2024;PAYMENTS;**** ******* *** ****** ******* ** **** ****** ********* ************ * ******* ** ***;-£12.00;+£34.02;
23/12/2024;CARD PAYMENT;****** ******** ****** **** ***** ***** ** **********;-£2.00;+£46.02;
23/12/2024;CARD PAYMENT;** *********** **** ***** ***** ** **********;-£2.99;+£48.02;
23/12/2024;CARD PAYMENT;** *********** **** ***** ***** ** **********;-£3.45;+£51.01;
23/12/2024;CARD PAYMENT;** *********** **** ***** ***** ** **********;-£30.84;+£54.46;
23/12/2024;CARD PAYMENT;** *********** **** ***** ***** ** **********;-£10.48;+£85.30;
23/12/2024;CARD PAYMENT;****************** **** ***** ***** ** **********;-£2.00;+£95.78;
23/12/2024;PAYMENT;****** ******** ******* ********** **** * *******;+£30.00;+£97.78;
22/12/2024;PAYMENT;****** ******** ******* ********** **** **** ******;+£7.50;+£67.78;
22/12/2024;CARD PAYMENT;****************** **** ***** ***** ** **********;-£4.00;+£60.28;
22/12/2024;CARD PAYMENT;**** ****** **** ***** ***** ** **********;-£3.74;+£64.28;
22/12/2024;PAYMENT;****** ******** ******* ********** **** * *******;+£50.00;+£68.02;
22/12/2024;CARD PAYMENT;****************** **** ***** ***** ** **********;-£4.00;+£18.02;
21/12/2024;CARD PAYMENT;** ********* ***** **** ***** ***** ** **********;-£4.00;+£22.02;
21/12/2024;CARD PAYMENT;****************** **** ***** ***** ** **********;-£4.00;+£26.02;
21/12/2024;CARD PAYMENT;****** ***** ** ****** **** ***** ***** ** **********;-£7.68;+£30.02;
20/12/2024;CARD PAYMENT;**** ******* ** *****************   ** **********;-£2.95;+£37.70;
19/12/2024;TRANSFER OUT;**** ******* ** * ****** ******* ********** ********* ****** ******** ******* *******;-£45.00;+£40.65;
19/12/2024;PAYMENT;****** ******** ******* *********** ****** **** * *******;+£50.00;+£85.65;
19/12/2024;CARD PAYMENT;*** ******** **** **** ***** ***** ** **********;-£2.50;+£35.65;
19/12/2024;CARD PAYMENT;********* **** ***** ***** ** **********;-£6.79;+£38.15;
19/12/2024;CARD PAYMENT;****************** **** ***** ***** ** **********;-£4.00;+£44.94;
19/12/2024;CARD PAYMENT;**** ********** **** ***** ***** ** **********;-£1.20;+£48.94;
19/12/2024;CARD PAYMENT;**** ******* ** ** **** *** *** ***   ** **********;-£21.95;+£50.14;
18/12/2024;PAYMENT;****** ******** ******* ************* **** * *******;+£100.00;+£72.09;
18/12/2024;CARD PAYMENT;********** ****** **** ***** ***** ** **********;-£20.00;-£27.91;
18/12/2024;CARD PAYMENT;******* *** **** **** ***** ***** ** **********;-£4.85;-£7.91;
18/12/2024;CARD PAYMENT;**** ******* ** ** ******** **   ** **********;-£44.29;-£3.06;
18/12/2024;CARD PAYMENT;******** **** **** ***** ***** ** **********;-£23.00;+£41.23;
18/12/2024;CARD PAYMENT;**** ****** ******* **** ***** ***** ** **********;-£3.40;+£64.23;
18/12/2024;CARD PAYMENT;***** ******* **** ***** ***** ** **********;-£5.84;+£67.63;
18/12/2024;CARD PAYMENT;****** ***** **** ***** ***** ** **********;-£20.99;+£73.47;
18/12/2024;CARD PAYMENT;**** ******* ** ****   ** **********;-£23.00;+£94.46;
18/12/2024;CARD PAYMENT;****** ******** ****** **** ***** ***** ** **********;-£2.00;+£117.46;
18/12/2024;CARD PAYMENT;****** ******** ****** **** ***** ***** ** **********;-£2.00;+£119.46;
17/12/2024;CARD PAYMENT;*** **** **** **** ***** ***** ** **********;-£25.00;+£121.46;
17/12/2024;PAYMENT;****** ******** ******* ************* **** * *******;+£50.00;+£146.46;
17/12/2024;PAYMENT;****** ******** ******* ************* **** * *******;+£50.00;+£96.46;
17/12/2024;CARD PAYMENT;**** ******* ** ********* ***** **** **** ********** ** **********;-£4.75;+£46.46;
16/12/2024;PAYMENT;****** ******** ******* ********* **** ***** *;+£12.00;+£51.21;
16/12/2024;CARD PAYMENT;**** ****** **** ***** ***** ** **********;-£26.88;+£39.21;
16/12/2024;CARD PAYMENT;**** ******* ** **************   ** **********;-£51.73;+£66.09;
16/12/2024;CARD PAYMENT;****************** **** ***** ***** ** **********;-£2.00;+£117.82;
16/12/2024;CARD PAYMENT;**** ******* ** ** ******* ******* *   ** **********;-£24.50;+£119.82;
15/12/2024;CREDIT IN;****** **** ****** ***** ** **********;+£8.99;+£144.32;
15/12/2024;PAYMENT;****** ******** ******* ************* **** * *******;+£30.00;+£135.33;
15/12/2024;PAYMENT;****** ******** ******* ************* **** * *******;+£60.00;+£105.33;
15/12/2024;CARD PAYMENT;**** ****** **** ***** ***** ** **********;-£5.81;+£45.33;
15/12/2024;CARD PAYMENT;****** ******** ****** **** ***** ***** ** **********;-£2.00;+£51.14;
15/12/2024;CARD PAYMENT;******* *** **** **** ***** ***** ** **********;-£5.70;+£53.14;
15/12/2024;CARD PAYMENT;****************** **** ***** ***** ** **********;-£4.00;+£58.84;
15/12/2024;CARD PAYMENT;****************** **** ***** ***** ** **********;-£2.00;+£62.84;
14/12/2024;CARD PAYMENT;********* **** ***** ***** ** **********;-£5.59;+£64.84;
14/12/2024;CARD PAYMENT;** ********* ***** **** ***** ***** ** **********;-£3.00;+£70.43;
14/12/2024;CARD PAYMENT;** *********** **** ***** ***** ** **********;-£10.02;+£73.43;
14/12/2024;CARD PAYMENT;** *********** **** ***** ***** ** **********;-£5.33;+£83.45;
14/12/2024;CARD PAYMENT;***** **** *** ** *** **** ***** ***** ** **********;-£5.40;+£88.78;
13/12/2024;CARD PAYMENT;****** ******** ****** **** ***** ***** ** **********;-£2.00;+£94.18;
13/12/2024;CARD PAYMENT;***** ****** **** ***** ***** ** **********;-£10.00;+£96.18;
13/12/2024;CARD PAYMENT;***** ****** **** ***** ***** ** **********;-£11.00;+£106.18;
13/12/2024;PAYMENT;****** ******** ******* *********** ****** **** * *******;+£50.00;+£117.18;
13/12/2024;CARD PAYMENT;***** **** ******* **** ***** ***** ** **********;-£7.35;+£67.18;
13/12/2024;CARD PAYMENT;**** ******* ** ****** ***********   ** **********;-£31.26;+£74.53;
13/12/2024;CARD PAYMENT;****** ******** ****** **** ***** ***** ** **********;-£2.00;+£105.79;
12/12/2024;PAYMENT;****** ******** ******* ********** **** * ******;+£5.50;+£107.79;
12/12/2024;PAYMENT;****** ******** ******* ********* *** **** * *******;+£50.00;+£102.29;
12/12/2024;CARD PAYMENT;********** ** ***** ** **** ***** ***** ** **********;-£1.00;+£52.29;
12/12/2024;CARD PAYMENT;****************** **** ***** ***** ** **********;-£2.00;+£53.29;
12/12/2024;CARD PAYMENT;**** ******* ** **************   ** **********;-£27.63;+£55.29;
12/12/2024;CARD PAYMENT;***** **** ******* **** ***** ***** ** **********;-£5.25;+£82.92;
12/12/2024;CARD PAYMENT;***** ****** **** **** ***** ***** ** **********;-£3.35;+£88.17;
12/12/2024;CARD PAYMENT;****** ******** ****** **** ***** ***** ** **********;-£2.00;+£91.52;
11/12/2024;CARD PAYMENT;********* ****** ***** **** ***** ***** ** **********;-£2.95;+£93.52;
11/12/2024;CARD PAYMENT;***** **** ******* **** ***** ***** ** **********;-£5.25;+£96.47;
11/12/2024;CARD PAYMENT;***** ****** **** **** ***** ***** ** **********;-£6.80;+£101.72;
11/12/2024;CARD PAYMENT;****** ******** ****** **** ***** ***** ** **********;-£2.00;+£108.52;
11/12/2024;CARD PAYMENT;****************** **** ***** ***** ** **********;-£2.00;+£110.52;
10/12/2024;CARD PAYMENT;****** ******** ****** **** ***** ***** ** **********;-£2.00;+£112.52;
10/12/2024;PAYMENT;****** ******** ******* ******* **** * ******;+£68.00;+£114.52;
10/12/2024;CARD PAYMENT;***** **** ******* **** ***** ***** ** **********;-£5.25;+£46.52;
10/12/2024;CARD PAYMENT;***** ****** **** **** ***** ***** ** **********;-£2.40;+£51.77;
10/12/2024;CARD PAYMENT;** *********** **** ***** ***** ** **********;-£9.00;+£54.17;
10/12/2024;CARD PAYMENT;****** ******** ****** **** ***** ***** ** **********;-£2.00;+£63.17;
10/12/2024;CARD PAYMENT;**** ***** **** ***** ***** ** **********;-£18.75;+£65.17;
10/12/2024;CARD PAYMENT;**** ***** **** ***** ***** ** **********;-£7.50;+£83.92;
09/12/2024;PAYMENT;****** ******** ******* ********* *** **** * *******;+£72.00;+£91.42;
09/12/2024;CARD PAYMENT;** ** **** ** **** ***** ***** ** **********;-£8.95;+£19.42;
09/12/2024;CARD PAYMENT;** ** **** ** **** ***** ***** ** **********;-£1.90;+£28.37;
09/12/2024;CARD PAYMENT;****** ******** ****** **** ***** ***** ** **********;-£2.00;+£30.27;
08/12/2024;CARD PAYMENT;******** ***** ** **** **** ***** ***** ** **********;-£35.00;+£32.27;
07/12/2024;PAYMENT;****** ******** ******* ******* ****** **** * *******;+£75.00;+£67.27;
07/12/2024;CARD PAYMENT;**** ******* ** ****** ****   ** **********;-£8.99;-£7.73;
06/12/2024;CARD PAYMENT;**** ******* ** ************** *******   ** **********;-£23.26;+£1.26;
06/12/2024;CARD PAYMENT;******** ****** **** ***** ***** ** **********;-£35.51;+£24.52;
05/12/2024;PAYMENT;****** ******** ******* ******* **** **** * *******;+£36.00;+£60.03;
05/12/2024;CARD PAYMENT;**** ******* ** *** ***** ***** **   ** **********;-£9.00;+£24.03;
05/12/2024;PAYMENT;****** ******** ******* ******* ***** **** * *******;+£23.26;+£33.03;
04/12/2024;PAYMENT;****** ******** ******* ********* ***** **** * *******;+£6.00;+£9.77;
04/12/2024;FOREIGN CURRENCY CONVERSION FEE;******* ******** ********** ***;-£0.08;+£3.77;
04/12/2024;CARD PAYMENT;**** ******* ** ************ ***** **** **** ********** ** **********;-£2.85;+£3.85;
03/12/2024;CARD PAYMENT;***** *** **** **** ***** ***** ** **********;-£3.60;+£6.70;
02/12/2024;CARD PAYMENT;**** ******* ** ****** ****   ** **********;-£0.67;+£10.30;
02/12/2024;DD;DIRECT DEBIT PAYMENT TO GOCARDLESS REF CLIMBINGUNIT-WDXVJ, MANDATE NO ****;-£39.00;+£10.97;
01/12/2024;CARD PAYMENT;**** ********** **** ***** ***** ** **********;-£2.50;+£49.97;
01/12/2024;CARD PAYMENT;****************** **** ***** ***** ** **********;-£2.00;+£52.47;
30/11/2024;CARD PAYMENT;****************** **** ***** ***** ** **********;-£2.00;+£54.47;
30/11/2024;CARD PAYMENT;****** ******** ****** **** ***** ***** ** **********;-£2.00;+£56.47;
30/11/2024;CARD PAYMENT;***** ****** **** **** ***** ***** ** **********;-£6.45;+£58.47;
30/11/2024;CARD PAYMENT;****************** **** ***** ***** ** **********;-£2.00;+£64.92;
30/11/2024;CARD PAYMENT;****** ******** ****** **** ***** ***** ** **********;-£2.00;+£66.92;
29/11/2024;CARD PAYMENT;***** ****** **** ***** ***** ** **********;-£9.27;+£68.92;
29/11/2024;CARD PAYMENT;***** ****** **** ***** ***** ** **********;-£11.00;+£78.19;
29/11/2024;CARD PAYMENT;***** **** ******* **** ***** ***** ** **********;-£5.25;+£89.19;
29/11/2024;CARD PAYMENT;****** ******** ****** **** ***** ***** ** **********;-£2.00;+£94.44;
28/11/2024;CARD PAYMENT;***** ***** ****** **** ***** ***** ** **********;-£4.10;+£96.44;
28/11/2024;CARD PAYMENT;***** *** **** **** ***** ***** ** **********;-£3.55;+£100.54;
28/11/2024;CARD PAYMENT;**** ******* ** ** ***************   ** **********;-£169.90;+£104.09;
28/11/2024;CARD PAYMENT;**** ******* ** *** ***** ****   ** **********;-£9.99;+£273.99;
27/11/2024;CARD PAYMENT;********* *** **** ***** ***** ** **********;-£3.58;+£283.98;
27/11/2024;CARD PAYMENT;****************** **** ***** ***** ** **********;-£2.00;+£287.56;
27/11/2024;CARD PAYMENT;****** ******** ****** **** ***** ***** ** **********;-£2.00;+£289.56;
27/11/2024;CARD PAYMENT;************** ******* **** ***** ***** ** **********;-£4.50;+£291.56;
27/11/2024;CARD PAYMENT;***** **** ******* **** ***** ***** ** **********;-£5.25;+£296.06;
27/11/2024;CARD PAYMENT;**** ******* ** ******** *******   ** **********;-£55.00;+£301.31;
26/11/2024;CARD PAYMENT;****************** **** ***** ***** ** **********;-£2.00;+£356.31;
26/11/2024;CARD PAYMENT;***** **** ******* **** ***** ***** ** **********;-£5.25;+£358.31;
26/11/2024;PAYMENT;****** ******** ******* ******* ****** **** * *******;+£300.00;+£363.56;
26/11/2024;CARD PAYMENT;***** *** **** **** ***** ***** ** **********;-£9.80;+£63.56;
25/11/2024;PAYMENT;****** ******** ******* ******* ********* **** * *******;+£10.00;+£73.36;
25/11/2024;CARD PAYMENT;*** ***** ****** ***** **** ***** ***** ** **********;-£14.07;+£63.36;
25/11/2024;CARD PAYMENT;**** ** ********** **** ***** ***** ** **********;-£6.18;+£77.43;
25/11/2024;CARD PAYMENT;**** ******* ** ***** *******   ** **********;-£17.99;+£83.61;
25/11/2024;PAYMENTS;**** ******* *** ****** ******* ** ***************** **** ** ** ********* ************** *;-£33.97;+£101.60;
25/11/2024;PAYMENT;****** ******** ******* ******* ********* **** * *******;+£35.00;+£135.57;
25/11/2024;PAYMENT;****** ******** ******* ********* ********* **** * *******;+£20.00;+£100.57;
25/11/2024;PAYMENT;****** ******** ******* ******* *** **** **** **** * *******;+£35.00;+£80.57;
24/11/2024;PAYMENT;****** ******** ******* ********* **** * *******;+£20.00;+£45.57;
24/11/2024;PAYMENT;****** ******** ******* ********* **** * *******;+£18.00;+£25.57;
24/11/2024;CARD PAYMENT;***** *** **** **** ***** ***** ** **********;-£7.24;+£7.57;
24/11/2024;CARD PAYMENT;**** ******* ** ** ******** **** **   ** **********;-£36.97;+£14.81;
23/11/2024;PAYMENT;****** ******** ******* ************* **** * *******;+£10.00;+£51.78;
23/11/2024;CARD PAYMENT;******* *** **** * **** ***** ***** ** **********;-£9.18;+£41.78;
23/11/2024;PAYMENT;****** ******** ******* ************* **** * *******;+£5.00;+£50.96;
23/11/2024;CARD PAYMENT;****** ******** ****** **** ***** ***** ** **********;-£2.00;+£45.96;
23/11/2024;CARD PAYMENT;****** ******** ****** **** ***** ***** ** **********;-£2.00;+£47.96;
22/11/2024;CARD PAYMENT;****************** **** ***** ***** ** **********;-£2.00;+£49.96;
22/11/2024;CREDIT IN;**** ******* **** ****** ******* *** ******* ********* ****;+£4.50;+£51.96;
22/11/2024;CARD PAYMENT;***** **** ******* **** ***** ***** ** **********;-£5.25;+£47.46;
22/11/2024;CARD PAYMENT;***** ****** **** **** ***** ***** ** **********;-£3.70;+£52.71;
22/11/2024;CARD PAYMENT;****** ******** ****** **** ***** ***** ** **********;-£2.00;+£56.41;
22/11/2024;CARD PAYMENT;****************** **** ***** ***** ** **********;-£2.00;+£58.41;
21/11/2024;CARD PAYMENT;************** ******* **** ***** ***** ** **********;-£9.90;+£60.41;
21/11/2024;CARD PAYMENT;********** ** ***** ** **** ***** ***** ** **********;-£1.00;+£70.31;
21/11/2024;CARD PAYMENT;****** ******** ****** **** ***** ***** ** **********;-£2.00;+£71.31;
20/11/2024;CARD PAYMENT;********** ** ***** ** **** ***** ***** ** **********;-£1.00;+£73.31;
20/11/2024;CARD PAYMENT;***** ****** **** ***** ***** ** **********;-£11.00;+£74.31;
20/11/2024;CARD PAYMENT;***** ****** **** ***** ***** ** **********;-£8.47;+£85.31;
20/11/2024;CARD PAYMENT;****** ******** ****** **** ***** ***** ** **********;-£2.00;+£93.78;
20/11/2024;CARD PAYMENT;****** ******** ****** **** ***** ***** ** **********;-£2.00;+£95.78;
19/11/2024;PAYMENTS;**** ******* *** ****** ******* ** ***** ******* ********* ******* * ******* ** **;-£25.00;+£97.78;
19/11/2024;CARD PAYMENT;****** ******** ****** **** ***** ***** ** **********;-£2.00;+£122.78;
18/11/2024;CARD PAYMENT;**** ******* ** ******************   ** **********;-£354.50;+£124.78;
17/11/2024;CARD PAYMENT;********** ****** **** ***** ***** ** **********;-£6.50;+£479.28;
17/11/2024;CARD PAYMENT;****************** **** ***** ***** ** **********;-£2.00;+£485.78;
17/11/2024;PAYMENTS;**** ******* *** ****** ******* ** ******* ****** ********* ******* * ******* ** **;-£10.00;+£487.78;
17/11/2024;PAYMENT;****** ******** ******* ********** ******** **** * *******;+£50.00;+£497.78;
17/11/2024;CARD PAYMENT;**** ******* ** ****** ***************   ** **********;-£8.99;+£447.78;
17/11/2024;CARD PAYMENT;****** ******** ****** **** ***** ***** ** **********;-£2.00;+£456.77;
17/11/2024;CARD PAYMENT;**** ******* ** ********* ***** **** **** ********** ** **********;-£4.75;+£458.77;
17/11/2024;PAYMENT;****** ******** ******* ********** ******** **** * *******;+£450.00;+£463.52;
16/11/2024;CARD PAYMENT;****** ******** ****** **** ***** ***** ** **********;-£2.00;+£13.52;
16/11/2024;CARD PAYMENT;********** ** ***** ** **** ***** ***** ** **********;-£1.00;+£15.52;
16/11/2024;PAYMENT;****** ******** ******* ************ *** *** **** * *******;+£5.00;+£16.52;
16/11/2024;CARD PAYMENT;***** ****** **** **** ***** ***** ** **********;-£3.70;+£11.52;
16/11/2024;CARD PAYMENT;****** ******** ****** **** ***** ***** ** **********;-£2.00;+£15.22;
15/11/2024;PAYMENT;****** ******** ******* ************ *** *** **** * *******;+£10.00;+£17.22;
15/11/2024;PAYMENT;****** ******** ******* ************ *** *** **** * *******;+£5.00;+£7.22;
15/11/2024;CARD PAYMENT;***** *** **** **** ***** ***** ** **********;-£14.60;+£2.22;
14/11/2024;PAYMENT;****** ******** ******* ********* **** * *******;+£15.00;+£16.82;
14/11/2024;CARD PAYMENT;***** ****** **** **** ***** ***** ** **********;-£6.10;+£1.82;
14/11/2024;CARD PAYMENT;****** ******** ****** **** ***** ***** ** **********;-£2.00;+£7.92;
14/11/2024;CARD PAYMENT;****************** **** ***** ***** ** **********;-£2.00;+£9.92;
14/11/2024;CARD PAYMENT;****** ******** ****** **** ***** ***** ** **********;-£2.00;+£11.92;
13/11/2024;CARD PAYMENT;********** ** ***** ** **** ***** ***** ** **********;-£0.75;+£13.92;
13/11/2024;CARD PAYMENT;********* ** **** ***** ***** ** **********;-£2.50;+£14.67;
13/11/2024;CARD PAYMENT;***** ****** **** ***** ***** ** **********;-£11.00;+£17.17;
13/11/2024;CARD PAYMENT;****************** **** ***** ***** ** **********;-£2.00;+£28.17;
13/11/2024;CARD PAYMENT;***** **** ******* **** ***** ***** ** **********;-£5.25;+£30.17;
13/11/2024;CARD PAYMENT;********* **** *** **** ***** ***** ** **********;-£10.99;+£35.42;
12/11/2024;PAYMENT;****** ******** ******* ******* ******** **** * *******;+£5.50;+£46.41;
12/11/2024;PAYMENT;****** ******** ******* ************* **** * *******;+£20.00;+£40.91;
12/11/2024;CARD PAYMENT;********** ** ***** ** **** ***** ***** ** **********;-£1.00;+£20.91;
12/11/2024;CARD PAYMENT;***** ****** ********* **** ***** ***** ** **********;-£2.98;+£21.91;
12/11/2024;CARD PAYMENT;******* *** **** * **** ***** ***** ** **********;-£3.24;+£24.89;
12/11/2024;CARD PAYMENT;**** ******* ** ********* ***** ******   ** **********;-£25.00;+£28.13;
12/11/2024;CARD PAYMENT;****** ******** ****** **** ***** ***** ** **********;-£2.00;+£53.13;
11/11/2024;CARD PAYMENT;**** ******* ** ***** ********   ** **********;-£2.39;+£55.13;
11/11/2024;CARD PAYMENT;***** *** **** **** ***** ***** ** **********;-£8.25;+£57.52;
10/11/2024;CARD PAYMENT;************** **** ***** ***** ** **********;-£49.99;+£65.77;
10/11/2024;PAYMENT;****** ******** ******* ******** **** * *******;+£75.00;+£115.76;
10/11/2024;CARD PAYMENT;***** *** **** **** ***** ***** ** **********;-£5.40;+£40.76;
10/11/2024;CARD PAYMENT;****** *** ****** **** **** ***** ***** ** **********;-£7.00;+£46.16;
10/11/2024;CARD PAYMENT;****** *** ****** **** **** ***** ***** ** **********;-£22.50;+£53.16;
09/11/2024;CARD PAYMENT;***** ******* **** ***** ***** ** **********;-£7.40;+£75.66;
09/11/2024;CARD PAYMENT;** *********** **** ***** ***** ** **********;-£10.02;+£83.06;
09/11/2024;CARD PAYMENT;****** ******** ****** **** ***** ***** ** **********;-£2.00;+£93.08;
09/11/2024;CARD PAYMENT;****** ******** ****** **** ***** ***** ** **********;-£2.00;+£95.08;
08/11/2024;CARD PAYMENT;************** **** ***** ***** ** **********;-£41.33;+£97.08;
08/11/2024;CARD PAYMENT;***** ****** **** ***** ***** ** **********;-£1.75;+£138.41;
08/11/2024;CARD PAYMENT;****** ******** ****** **** ***** ***** ** **********;-£2.00;+£140.16;
08/11/2024;CARD PAYMENT;****************** **** ***** ***** ** **********;-£4.00;+£142.16;
08/11/2024;CARD PAYMENT;************** **** ***** ***** ** **********;-£89.99;+£146.16;
08/11/2024;PAYMENTS;**** ******* *** ****** ******* ** ****** * ******* ********* ******* **** * ******* ** **;-£1284.00;+£236.15;
07/11/2024;CARD PAYMENT;********** ** ***** ** **** ***** ***** ** **********;-£1.00;+£1520.15;
07/11/2024;CARD PAYMENT;***** ****** **** **** ***** ***** ** **********;-£3.60;+£1521.15;
07/11/2024;CARD PAYMENT;***** ******* **** ***** ***** ** **********;-£11.23;+£1524.75;
07/11/2024;CARD PAYMENT;********* **** *** **** ***** ***** ** **********;-£10.29;+£1535.98;
07/11/2024;CARD PAYMENT;**** ******* ** ***** ********   ** **********;-£5.04;+£1546.27;
07/11/2024;CARD PAYMENT;**** ******* ** ****** ****   ** **********;-£4.99;+£1551.31;
07/11/2024;CARD PAYMENT;****** ******** ****** **** ***** ***** ** **********;-£2.00;+£1556.30;
06/11/2024;CARD PAYMENT;****************** **** ***** ***** ** **********;-£2.00;+£1558.30;
06/11/2024;CARD PAYMENT;********** ** ***** ** **** ***** ***** ** **********;-£1.00;+£1560.30;
06/11/2024;CARD PAYMENT;***** ****** **** **** ***** ***** ** **********;-£10.85;+£1561.30;
06/11/2024;CARD PAYMENT;***** **** ******* **** ***** ***** ** **********;-£5.25;+£1572.15;
06/11/2024;CARD PAYMENT;****************** **** ***** ***** ** **********;-£2.00;+£1577.40;
06/11/2024;CARD PAYMENT;****** ******** ****** **** ***** ***** ** **********;-£2.00;+£1579.40;
05/11/2024;CARD PAYMENT;********* ** **** ***** ***** ** **********;-£2.50;+£1581.40;
05/11/2024;CARD PAYMENT;********** ** ***** ** **** ***** ***** ** **********;-£0.60;+£1583.90;
05/11/2024;CARD PAYMENT;********** ** ***** ** **** ***** ***** ** **********;-£1.00;+£1584.50;
05/11/2024;CARD PAYMENT;****************** **** ***** ***** ** **********;-£2.00;+£1585.50;
05/11/2024;CARD PAYMENT;***** **** ******* **** ***** ***** ** **********;-£5.25;+£1587.50;
05/11/2024;CARD PAYMENT;**** ******* ** *** ***** ***** **   ** **********;-£9.00;+£1592.75;
04/11/2024;CARD PAYMENT;**** ******* ** ** ****** *** ******   ** **********;-£24.00;+£1601.75;
03/11/2024;PAYMENTS;**** ******* *** ****** ******* ** ***** ****** ********* ************ * ******* ** **;-£15.50;+£1625.75;
03/11/2024;CARD PAYMENT;**** ** ********** **** ***** ***** ** **********;-£5.97;+£1641.25;
03/11/2024;CARD PAYMENT;********* ********** * **** ***** ***** ** **********;-£6.90;+£1647.22;
02/11/2024;CARD PAYMENT;********* **** ***** ***** ** **********;-£6.89;+£1654.12;
02/11/2024;CARD PAYMENT;******* *** **** * **** ***** ***** ** **********;-£3.24;+£1661.01;
02/11/2024;CARD PAYMENT;********** ** ***** ** **** ***** ***** ** **********;-£1.00;+£1664.25;
01/11/2024;CARD PAYMENT;**** ******* ** ********** ********   ** **********;-£19.99;+£1665.25;
01/11/2024;CARD PAYMENT;********** ** ***** ** **** ***** ***** ** **********;-£1.00;+£1685.24;
01/11/2024;CARD PAYMENT;***** ****** **** ***** ***** ** **********;-£11.00;+£1686.24;
01/11/2024;CARD PAYMENT;***** ****** **** ***** ***** ** **********;-£11.00;+£1697.24;
01/11/2024;CARD PAYMENT;********* **** *** **** ***** ***** ** **********;-£11.59;+£1708.24;
01/11/2024;CARD PAYMENT;***** ****** **** **** ***** ***** ** **********;-£3.60;+£1719.83;
01/11/2024;CARD PAYMENT;****** ******** ****** **** ***** ***** ** **********;-£2.00;+£1723.43;
01/11/2024;DD;DIRECT DEBIT PAYMENT TO GOCARDLESS REF CLIMBINGUNIT-WDXVJ, MANDATE NO ****;-£39.00;+£1725.43;
31/10/2024;PAYMENT;****** ******** ******* ******* ******** **** * *******;+£11.00;+£1764.43;
31/10/2024;CARD PAYMENT;********* ****** ***** **** ***** ***** ** **********;-£4.05;+£1753.43;
31/10/2024;CARD PAYMENT;***** ****** **** **** ***** ***** ** **********;-£3.60;+£1757.48;
31/10/2024;CARD PAYMENT;***** ****** **** **** ***** ***** ** **********;-£10.25;+£1761.08;
31/10/2024;CARD PAYMENT;****** ******** ****** **** ***** ***** ** **********;-£2.00;+£1771.33;
31/10/2024;CARD PAYMENT;****** ******** ****** **** ***** ***** ** **********;-£2.00;+£1773.33;
30/10/2024;CARD PAYMENT;********* ** **** ***** ***** ** **********;-£1.95;+£1775.33;
30/10/2024;CARD PAYMENT;********* ** **** ***** ***** ** **********;-£2.50;+£1777.28;
30/10/2024;CARD PAYMENT;********** ** ***** ** **** ***** ***** ** **********;-£1.00;+£1779.78;
30/10/2024;CARD PAYMENT;***** *** **** **** ***** ***** ** **********;-£3.60;+£1780.78;
29/10/2024;CARD PAYMENT;********** ** ***** ** **** ***** ***** ** **********;-£1.20;+£1784.38;
29/10/2024;CARD PAYMENT;********** ** ***** ** **** ***** ***** ** **********;-£1.00;+£1785.58;
29/10/2024;CARD PAYMENT;***** ****** **** **** ***** ***** ** **********;-£0.85;+£1786.58;
29/10/2024;CARD PAYMENT;***** ****** **** **** ***** ***** ** **********;-£3.35;+£1787.43;
29/10/2024;CARD PAYMENT;****** ******** ****** **** ***** ***** ** **********;-£2.00;+£1790.78;
29/10/2024;CARD PAYMENT;****** ******** ****** **** ***** ***** ** **********;-£2.00;+£1792.78;
28/10/2024;CARD PAYMENT;********* *** **** ***** ***** ** **********;-£9.58;+£1794.78;
28/10/2024;CARD PAYMENT;*** ****** ** **** ***** ***** ** **********;-£6.00;+£1804.36;
28/10/2024;CARD PAYMENT;***** ****** ****** * **** ***** ***** ** **********;-£13.00;+£1810.36;
28/10/2024;CARD PAYMENT;********* ***** **** ***** ***** ** **********;-£35.00;+£1823.36;
28/10/2024;CARD PAYMENT;**** ******* ** *** ***** ****   ** **********;-£9.99;+£1858.36;
28/10/2024;CARD PAYMENT;** ******* *** ******* **** ***** ***** ** **********;-£10.00;+£1868.35;
28/10/2024;CARD PAYMENT;*** ****** ** **** ***** ***** ** **********;-£9.60;+£1878.35;
27/10/2024;CARD PAYMENT;* * ****** ******* **** ***** ***** ** **********;-£8.00;+£1887.95;
27/10/2024;CARD PAYMENT;****** ***** **** ***** ***** ** **********;-£20.00;+£1895.95;
27/10/2024;CARD PAYMENT;**** ******* ** ** ****** ***** ******   ** **********;-£41.45;+£1915.95;
27/10/2024;CARD PAYMENT;***** ****** ******** **** ***** ***** ** **********;-£7.49;+£1957.40;
27/10/2024;CARD PAYMENT;**** ******* ** ** ***************   ** **********;-£135.50;+£1964.89;
27/10/2024;CARD PAYMENT;***** ***** *** *** * **** ***** ***** ** **********;-£10.50;+£2100.39;
27/10/2024;CARD PAYMENT;** ******* **** ***** ***** ** **********;-£54.40;+£2110.89;
26/10/2024;PAYMENTS;**** ******* *** ****** ******* ** **** ****** ********* ******* * ******* ** **;-£5.00;+£2165.29;
26/10/2024;CARD PAYMENT;****************** **** ***** ***** ** **********;-£6.00;+£2170.29;
26/10/2024;CARD PAYMENT;***** ****** **** ***** ***** ** **********;-£11.00;+£2176.29;
26/10/2024;CARD PAYMENT;**** ******* ** **********   ** **********;-£18.80;+£2187.29;
25/10/2024;CARD PAYMENT;********* ** **** ***** ***** ** **********;-£2.50;+£2206.09;
25/10/2024;CARD PAYMENT;******* *** **** * **** ***** ***** ** **********;-£4.00;+£2208.59;
25/10/2024;CARD PAYMENT;****************** **** ***** ***** ** **********;-£2.00;+£2212.59;
25/10/2024;CARD PAYMENT;********* ****** ***** **** ***** ***** ** **********;-£1.25;+£2214.59;
25/10/2024;CARD PAYMENT;**** ******* ** ***** *******   ** **********;-£17.99;+£2215.84;
25/10/2024;CARD PAYMENT;****************** **** ***** ***** ** **********;-£2.00;+£2233.83;
25/10/2024;CARD PAYMENT;**** ******* ** ********** ********   ** **********;-£0.99;+£2235.83;
24/10/2024;CARD PAYMENT;****** ******** ****** **** ***** ***** ** **********;-£2.00;+£2236.82;
24/10/2024;CARD PAYMENT;***** ***** ****** **** ***** ***** ** **********;-£8.35;+£2238.82;
24/10/2024;CARD PAYMENT;********** ** ***** ** **** ***** ***** ** **********;-£3.99;+£2247.17;
24/10/2024;CARD PAYMENT;********** ** ***** ** **** ***** ***** ** **********;-£1.00;+£2251.16;
24/10/2024;CARD PAYMENT;**** ** ********** **** ***** ***** ** **********;-£4.77;+£2252.16;
24/10/2024;CARD PAYMENT;****** ******** ****** **** ***** ***** ** **********;-£2.00;+£2256.93;
24/10/2024;PAYMENTS;**** ******* *** ****** ******* ** ****** * ******* ********* ******* * ******* ** **;-£245.57;+£2258.93;
23/10/2024;CARD PAYMENT;******* *** **** * **** ***** ***** ** **********;-£4.00;+£2504.50;
23/10/2024;CARD PAYMENT;********** ** ***** ** **** ***** ***** ** **********;-£1.00;+£2508.50;
23/10/2024;CARD PAYMENT;********* **** ***** ***** ** **********;-£72.29;+£2509.50;
23/10/2024;CARD PAYMENT;********* ****** ***** **** ***** ***** ** **********;-£2.95;+£2581.79;
23/10/2024;CARD PAYMENT;****** ******** ****** **** ***** ***** ** **********;-£2.00;+£2584.74;
23/10/2024;CARD PAYMENT;************** **** ***** ***** ** **********;-£39.99;+£2586.74;
22/10/2024;CARD PAYMENT;********* ** **** ***** ***** ** **********;-£2.50;+£2626.73;
22/10/2024;CARD PAYMENT;********** ** ***** ** **** ***** ***** ** **********;-£1.00;+£2629.23;
22/10/2024;CARD PAYMENT;********** ** ***** ** **** ***** ***** ** **********;-£3.99;+£2630.23;
22/10/2024;PAYMENTS;**** ******* *** ****** ******* ** ******* ****** ********* ***** ****** * ******* ** **;-£18.60;+£2634.22;
22/10/2024;CARD PAYMENT;**** ** ********** **** ***** ***** ** **********;-£8.57;+£2652.82;
22/10/2024;CARD PAYMENT;****** ******** ****** **** ***** ***** ** **********;-£2.00;+£2661.39;
21/10/2024;CARD PAYMENT;***** *** **** **** ***** ***** ** **********;-£9.00;+£2663.39;
21/10/2024;CARD PAYMENT;**** ** ********** **** ***** ***** ** **********;-£4.50;+£2672.39;
21/10/2024;CARD PAYMENT;****************** **** ***** ***** ** **********;-£2.00;+£2676.89;
20/10/2024;CARD PAYMENT;** *** ****** ** **** ***** ***** ** **********;-£30.74;+£2678.89;
20/10/2024;CARD PAYMENT;******* ****** **** ***** ***** ** **********;-£2.50;+£2709.63;
20/10/2024;CARD PAYMENT;****************** **** ***** ***** ** **********;-£4.00;+£2712.13;
20/10/2024;CARD PAYMENT;***** ****** **** **** ***** ***** ** **********;-£3.35;+£2716.13;
20/10/2024;CARD PAYMENT;***** ****** **** ***** ***** ** **********;-£5.35;+£2719.48;
20/10/2024;CARD PAYMENT;******** ******* *** **** ***** ***** ** **********;-£25.20;+£2724.83;
20/10/2024;CARD PAYMENT;****** ******** ****** **** ***** ***** ** **********;-£2.00;+£2750.03;
19/10/2024;CARD PAYMENT;****************** **** ***** ***** ** **********;-£2.00;+£2752.03;
19/10/2024;CARD PAYMENT;**** ******* ** ************** *******   ** **********;-£10.99;+£2754.03;
18/10/2024;CARD PAYMENT;******* *** **** * **** ***** ***** ** **********;-£4.00;+£2765.02;
18/10/2024;CARD PAYMENT;***** ****** **** **** ***** ***** ** **********;-£4.85;+£2769.02;
18/10/2024;CARD PAYMENT;***** ****** **** **** ***** ***** ** **********;-£0.85;+£2773.87;
18/10/2024;CARD PAYMENT;****************** **** ***** ***** ** **********;-£2.00;+£2774.72;
17/10/2024;CARD PAYMENT;****** ******** ****** **** ***** ***** ** **********;-£2.00;+£2776.72;
17/10/2024;CARD PAYMENT;********* ** **** ***** ***** ** **********;-£1.95;+£2778.72;
17/10/2024;CARD PAYMENT;********** ** ***** ** **** ***** ***** ** **********;-£1.00;+£2780.67;
17/10/2024;CARD PAYMENT;****************** **** ***** ***** ** **********;-£2.00;+£2781.67;
17/10/2024;CARD PAYMENT;**** ******* ** ********* ***** **** **** ********** ** **********;-£4.60;+£2783.67;
17/10/2024;CARD PAYMENT;**** ******* ** ****** ***************   ** **********;-£8.99;+£2788.27;
17/10/2024;CARD PAYMENT;**** ******* ** *********************   ** **********;-£15.00;+£2797.26;
17/10/2024;CARD PAYMENT;***** ****** **** **** ***** ***** ** **********;-£3.60;+£2812.26;
17/10/2024;CARD PAYMENT;***** ****** **** **** ***** ***** ** **********;-£0.45;+£2815.86;
16/10/2024;CARD PAYMENT;********** ** ***** ** **** ***** ***** ** **********;-£4.99;+£2816.31;
16/10/2024;CARD PAYMENT;****** * ***** **** ***** ***** ** **********;-£59.35;+£2821.30;
15/10/2024;PAYMENT;****** ******** ******* ********* **** * ******;+£26.00;+£2880.65;
15/10/2024;PAYMENT;****** ******** ******* ********* **** ******* **;+£16.50;+£2854.65;
15/10/2024;PAYMENTS;**** ******* *** ****** ******* ** ***** ******* ********* ** ***** * ******* ** **;-£12.50;+£2838.15;
15/10/2024;PAYMENT;****** ******** ******* ********* **** * ******;+£11.00;+£2850.65;
15/10/2024;PAYMENT;****** ******** ******* ********* **** ******* **;+£12.50;+£2839.65;
15/10/2024;CARD PAYMENT;***** ***** ****** **** ***** ***** ** **********;-£4.35;+£2827.15;
15/10/2024;CARD PAYMENT;********** ** ***** ** **** ***** ***** ** **********;-£1.00;+£2831.50;
15/10/2024;CARD PAYMENT;***** ****** **** **** ***** ***** ** **********;-£1.50;+£2832.50;
14/10/2024;CARD PAYMENT;****** ******** ****** **** ***** ***** ** **********;-£2.00;+£2834.00;
14/10/2024;CARD PAYMENT;**** ** ********** **** ***** ***** ** **********;-£24.53;+£2836.00;
14/10/2024;CARD PAYMENT;****************** **** ***** ***** ** **********;-£4.00;+£2860.53;
13/10/2024;CARD PAYMENT;*************** ****** **** ***** ***** ** **********;-£6.00;+£2864.53;
13/10/2024;CARD PAYMENT;******** **** ******* **** ***** ***** ** **********;-£4.40;+£2870.53;
13/10/2024;CARD PAYMENT;********** ** ***** ** **** ***** ***** ** **********;-£1.50;+£2874.93;
13/10/2024;CARD PAYMENT;****************** **** ***** ***** ** **********;-£4.00;+£2876.43;
13/10/2024;CARD PAYMENT;*********** ***** **** ***** ***** ** **********;-£11.00;+£2880.43;
13/10/2024;CARD PAYMENT;***** ****** **** **** ***** ***** ** **********;-£3.60;+£2891.43;
13/10/2024;CARD PAYMENT;*********** ***** **** ***** ***** ** **********;-£11.00;+£2895.03;
13/10/2024;CARD PAYMENT;*************** ****** **** ***** ***** ** **********;-£12.00;+£2906.03;
13/10/2024;CARD PAYMENT;****************** **** ***** ***** ** **********;-£2.00;+£2918.03;
12/10/2024;CARD PAYMENT;****** ******** ****** **** ***** ***** ** **********;-£2.00;+£2920.03;
12/10/2024;CARD PAYMENT;******* *** **** * **** ***** ***** ** **********;-£3.24;+£2922.03;
12/10/2024;CARD PAYMENT;********** ** ***** ** **** ***** ***** ** **********;-£1.00;+£2925.27;
12/10/2024;CARD PAYMENT;********** ** ***** ** **** ***** ***** ** **********;-£0.50;+£2926.27;
12/10/2024;CARD PAYMENT;***** ****** **** **** ***** ***** ** **********;-£3.35;+£2926.77;
12/10/2024;CARD PAYMENT;****************** **** ***** ***** ** **********;-£2.00;+£2930.12;
11/10/2024;CARD PAYMENT;****** ******** ****** **** ***** ***** ** **********;-£2.00;+£2932.12;
11/10/2024;CARD PAYMENT;********** ** ***** ** **** ***** ***** ** **********;-£0.25;+£2934.12;
11/10/2024;CARD PAYMENT;********** ** ***** ** **** ***** ***** ** **********;-£1.00;+£2934.37;
11/10/2024;CARD PAYMENT;***** ****** **** **** ***** ***** ** **********;-£7.10;+£2935.37;
11/10/2024;CARD PAYMENT;****************** **** ***** ***** ** **********;-£2.00;+£2942.47;
10/10/2024;CARD PAYMENT;****** ******** ****** **** ***** ***** ** **********;-£2.00;+£2944.47;
10/10/2024;CARD PAYMENT;**** ******* ** ********** ********   ** **********;-£0.99;+£2946.47;
10/10/2024;CARD PAYMENT;********** ** ***** ** **** ***** ***** ** **********;-£1.00;+£2947.46;
10/10/2024;CARD PAYMENT;********** ** ***** ** **** ***** ***** ** **********;-£3.99;+£2948.46;
10/10/2024;CARD PAYMENT;***** ****** **** **** ***** ***** ** **********;-£4.20;+£2952.45;
10/10/2024;CARD PAYMENT;****** ******** ****** **** ***** ***** ** **********;-£2.00;+£2956.65;
09/10/2024;CARD PAYMENT;********** ** ***** ** **** ***** ***** ** **********;-£1.00;+£2958.65;
09/10/2024;CARD PAYMENT;********** ** ***** ** **** ***** ***** ** **********;-£0.25;+£2959.65;
09/10/2024;CARD PAYMENT;****** * ***** **** ***** ***** ** **********;-£32.98;+£2959.90;
09/10/2024;PAYMENTS;**** ******* *** ****** ******* ** ******* ****** ********* ******* * ******* ** **;-£20.00;+£2992.88;
09/10/2024;CARD PAYMENT;****** ******** ****** **** ***** ***** ** **********;-£2.00;+£3012.88;
09/10/2024;PAYMENT;****** ******** ******* ********* **** ******* **;+£15.00;+£3014.88;
08/10/2024;CARD PAYMENT;********** ** ***** ** **** ***** ***** ** **********;-£1.00;+£2999.88;
08/10/2024;CARD PAYMENT;********** ** ***** ** **** ***** ***** ** **********;-£0.25;+£3000.88;
07/10/2024;CARD PAYMENT;***** ***** ****** **** ***** ***** ** **********;-£8.30;+£3001.13;
07/10/2024;CARD PAYMENT;******* ******* ** **** ***** ***** ** **********;-£1.57;+£3009.43;
07/10/2024;CARD PAYMENT;**** ******* ** ***** ********   ** **********;-£5.56;+£3011.00;
07/10/2024;CARD PAYMENT;**** ** ********** **** ***** ***** ** **********;-£20.70;+£3016.56;
07/10/2024;CARD PAYMENT;**** ******* ** ****** ****   ** **********;-£4.99;+£3037.26;
06/10/2024;CARD PAYMENT;***** *** **** **** ***** ***** ** **********;-£7.10;+£3042.25;
05/10/2024;CARD PAYMENT;******* *** **** * **** ***** ***** ** **********;-£6.30;+£3049.35;
05/10/2024;CARD PAYMENT;**** ******* ** *******   ** **********;-£1.79;+£3055.65;
05/10/2024;CARD PAYMENT;**** ******* ** *** ***** ***** **   ** **********;-£9.00;+£3057.44;
05/10/2024;CARD PAYMENT;**** ******* ** ***** ***** **********   ** **********;-£7.99;+£3066.44;
04/10/2024;CARD PAYMENT;********* *** **** ***** ***** ** **********;-£8.58;+£3074.43;
04/10/2024;CARD PAYMENT;********** ** ***** ** **** ***** ***** ** **********;-£0.75;+£3083.01;
04/10/2024;CARD PAYMENT;********** ** ***** ** **** ***** ***** ** **********;-£1.00;+£3083.76;
04/10/2024;CARD PAYMENT;****************** **** ***** ***** ** **********;-£4.00;+£3084.76;
04/10/2024;CARD PAYMENT;****************** **** ***** ***** ** **********;-£2.00;+£3088.76;
03/10/2024;CARD PAYMENT;********* ** **** ***** ***** ** **********;-£2.50;+£3090.76;
03/10/2024;CARD PAYMENT;********** ** ***** ** **** ***** ***** ** **********;-£3.99;+£3093.26;
03/10/2024;CARD PAYMENT;********** ** ***** ** **** ***** ***** ** **********;-£1.00;+£3097.25;
03/10/2024;CARD PAYMENT;****************** **** ***** ***** ** **********;-£2.00;+£3098.25;
02/10/2024;CARD PAYMENT;******* *** **** * **** ***** ***** ** **********;-£7.40;+£3100.25;
02/10/2024;CARD PAYMENT;********** ** ***** ** **** ***** ***** ** **********;-£1.00;+£3107.65;
02/10/2024;CARD PAYMENT;****************** **** ***** ***** ** **********;-£4.00;+£3108.65;
02/10/2024;CARD PAYMENT;** *********** **** ***** ***** ** **********;-£10.98;+£3112.65;
01/10/2024;CARD PAYMENT;********** ** ***** ** **** ***** ***** ** **********;-£1.00;+£3123.63;
01/10/2024;CARD PAYMENT;********** ** ***** ** **** ***** ***** ** **********;-£1.00;+£3124.63;
01/10/2024;CARD PAYMENT;******* *** **** * **** ***** ***** ** **********;-£3.15;+£3125.63;
01/10/2024;CARD PAYMENT;***** ****** **** **** ***** ***** ** **********;-£2.30;+£3128.78;
01/10/2024;CARD PAYMENT;****** ******** ****** **** ***** ***** ** **********;-£2.00;+£3131.08;
01/10/2024;DD;DIRECT DEBIT PAYMENT TO GOCARDLESS REF CLIMBINGUNIT-WDXVJ, MANDATE NO ****;-£39.00;+£3133.08;
30/09/2024;CARD PAYMENT;***** ***** ****** **** ***** ***** ** **********;-£3.00;+£3172.08;
30/09/2024;FOREIGN CURRENCY CONVERSION FEE;******* ******** ********** ***;-£0.60;+£3175.08;
30/09/2024;CARD PAYMENT;**** ******* ** ******* ** *** ***** * ****** **** **** ********** ** **********;-£20.21;+£3175.68;
30/09/2024;CARD PAYMENT;**** ** ********** **** ***** ***** ** **********;-£4.67;+£3195.89;
28/09/2024;CARD PAYMENT;**** ******* ** *** *****   ** **********;-£9.99;+£3200.56;
27/09/2024;CARD PAYMENT;** ********* ********* **** ***** ***** ** **********;-£10.00;+£3210.55;
26/09/2024;CARD PAYMENT;****************** **** ***** ***** ** **********;-£2.00;+£3220.55;
26/09/2024;CARD PAYMENT;**** ******* ** ********** ** ***** **   ** **********;-£10.00;+£3222.55;
26/09/2024;CARD PAYMENT;********** ** ***** ** **** ***** ***** ** **********;-£1.00;+£3232.55;
26/09/2024;CARD PAYMENT;***** ****** **** **** ***** ***** ** **********;-£4.90;+£3233.55;
26/09/2024;CARD PAYMENT;****** ******** ****** **** ***** ***** ** **********;-£2.00;+£3238.45;
26/09/2024;CARD PAYMENT;****************** **** ***** ***** ** **********;-£2.00;+£3240.45;
26/09/2024;CARD PAYMENT;****** ******** ****** **** ***** ***** ** **********;-£2.00;+£3242.45;
25/09/2024;CARD PAYMENT;******* *** **** * **** ***** ***** ** **********;-£4.00;+£3244.45;
25/09/2024;CARD PAYMENT;****************** **** ***** ***** ** **********;-£4.00;+£3248.45;
25/09/2024;CARD PAYMENT;**** ******* ** ***** *******   ** **********;-£17.99;+£3252.45;
24/09/2024;CARD PAYMENT;******** **** ******* **** ***** ***** ** **********;-£2.20;+£3270.44;
24/09/2024;CARD PAYMENT;********** ** ***** ** **** ***** ***** ** **********;-£1.00;+£3272.64;
24/09/2024;CARD PAYMENT;****************** **** ***** ***** ** **********;-£4.00;+£3273.64;
24/09/2024;CARD PAYMENT;********* **** ***** ***** ** **********;-£49.49;+£3277.64;
24/09/2024;CARD PAYMENT;******** ******* *** **** ***** ***** ** **********;-£19.00;+£3327.13;
23/09/2024;CARD PAYMENT;***** ***** ****** **** ***** ***** ** **********;-£7.10;+£3346.13;
23/09/2024;CARD PAYMENT;**** ** ********** **** ***** ***** ** **********;-£24.51;+£3353.23;
22/09/2024;CARD PAYMENT;********* *** **** ***** ***** ** **********;-£7.09;+£3377.74;
22/09/2024;CARD PAYMENT;***** ***** ****** **** ***** ***** ** **********;-£5.55;+£3384.83;
22/09/2024;CARD PAYMENT;****************** **** ***** ***** ** **********;-£4.00;+£3390.38;
22/09/2024;CARD PAYMENT;**** ** ********** **** ***** ***** ** **********;-£6.18;+£3394.38;
21/09/2024;CARD PAYMENT;******* *** **** * **** ***** ***** ** **********;-£4.00;+£3400.56;
21/09/2024;CARD PAYMENT;****************** **** ***** ***** ** **********;-£2.00;+£3404.56;
21/09/2024;CARD PAYMENT;*** ***** **** ***** ***** ** **********;-£16.48;+£3406.56;
21/09/2024;CARD PAYMENT;********** *** ***** * **** ***** ***** ** **********;-£77.00;+£3423.04;
21/09/2024;CARD PAYMENT;****** *** ****** **** **** ***** ***** ** **********;-£10.80;+£3500.04;
21/09/2024;CARD PAYMENT;****** *** ****** **** **** ***** ***** ** **********;-£40.00;+£3510.84;
21/09/2024;CARD PAYMENT;****** *** ****** **** **** ***** ***** ** **********;-£3.50;+£3550.84;
21/09/2024;CARD PAYMENT;****** *** ****** **** **** ***** ***** ** **********;-£1.00;+£3554.34;
20/09/2024;CARD PAYMENT;****** ******** ****** **** ***** ***** ** **********;-£2.00;+£3555.34;
19/09/2024;CARD PAYMENT;****************** **** ***** ***** ** **********;-£4.00;+£3557.34;
19/09/2024;CARD PAYMENT;***** *** **** **** ***** ***** ** **********;-£3.50;+£3561.34;
19/09/2024;CARD PAYMENT;**** ** ********** **** ***** ***** ** **********;-£2.85;+£3564.84;
19/09/2024;CARD PAYMENT;****************** **** ***** ***** ** **********;-£4.00;+£3567.69;
18/09/2024;CARD PAYMENT;****************** **** ***** ***** ** **********;-£2.00;+£3571.69;
18/09/2024;CARD PAYMENT;********** ** ***** ** **** ***** ***** ** **********;-£4.99;+£3573.69;
17/09/2024;CARD PAYMENT;****** ******** ****** **** ***** ***** ** **********;-£2.00;+£3578.68;
17/09/2024;CARD PAYMENT;***** ***** ****** **** ***** ***** ** **********;-£12.10;+£3580.68;
17/09/2024;CARD PAYMENT;******** **** ******* **** ***** ***** ** **********;-£2.10;+£3592.78;
17/09/2024;CARD PAYMENT;****************** **** ***** ***** ** **********;-£2.00;+£3594.88;
17/09/2024;CARD PAYMENT;**** ******* ** ********* ***** **** **** ********** ** **********;-£4.58;+£3596.88;
17/09/2024;CARD PAYMENT;**** ******* ** ****** ***************   ** **********;-£8.99;+£3601.46;
17/09/2024;CREDIT IN;**** **** ****** *** *** ************** ***********;+£3568.95;+£3610.45;
16/09/2024;CARD PAYMENT;****** ******** ****** **** ***** ***** ** **********;-£2.00;+£41.50;
16/09/2024;CARD PAYMENT;********* **** *** **** ***** ***** ** **********;-£12.59;+£43.50;
16/09/2024;CARD PAYMENT;**** ******* ** ***** ********   ** **********;-£2.99;+£56.09;
16/09/2024;CARD PAYMENT;***** ****** **** ***** ***** ** **********;-£11.00;+£59.08;
16/09/2024;CARD PAYMENT;***** ****** **** ***** ***** ** **********;-£11.00;+£70.08;
15/09/2024;CARD PAYMENT;****************** **** ***** ***** ** **********;-£6.00;+£81.08;
15/09/2024;CARD PAYMENT;**** ******* ** ****** *** ******   ** **********;-£52.00;+£87.08;
15/09/2024;CARD PAYMENT;** *********** **** ***** ***** ** **********;-£9.84;+£139.08;
14/09/2024;CARD PAYMENT;****************** **** ***** ***** ** **********;-£4.00;+£148.92;
14/09/2024;CARD PAYMENT;**** ****** ******* ** **** ***** ***** ** **********;-£9.90;+£152.92;
14/09/2024;PAYMENT;****** ******** ******* ******* ******** **** * *******;+£5.50;+£162.82;
14/09/2024;PAYMENT;****** ******** ******* ******* ******** **** * *******;+£5.50;+£157.32;
14/09/2024;CARD PAYMENT;*** ******** **** **** ***** ***** ** **********;-£2.50;+£151.82;
14/09/2024;CARD PAYMENT;****** ***** ***** **** ***** ***** ** **********;-£9.49;+£154.32;
14/09/2024;CARD PAYMENT;**** ** ********** **** ***** ***** ** **********;-£6.13;+£163.81;
14/09/2024;CARD PAYMENT;** *********** **** ***** ***** ** **********;-£16.96;+£169.94;
14/09/2024;CARD PAYMENT;****** ******** ****** **** ***** ***** ** **********;-£2.00;+£186.90;
14/09/2024;CARD PAYMENT;**** ******* ** ******* *********   ** **********;-£84.15;+£188.90;
13/09/2024;PAYMENT;****** ******** ******* ******** **** **** * *******;+£150.00;+£273.05;
13/09/2024;PAYMENT;****** ******** ******* ********* **** * *******;+£5.00;+£123.05;
13/09/2024;PAYMENT;****** ******** ******* ********* **** * *******;+£10.00;+£118.05;
13/09/2024;CARD PAYMENT;******** **** ******* **** ***** ***** ** **********;-£2.10;+£108.05;
13/09/2024;CARD PAYMENT;****************** **** ***** ***** ** **********;-£2.00;+£110.15;
13/09/2024;PAYMENT;****** ******** ******* ********* **** * *******;+£5.00;+£112.15;
13/09/2024;PAYMENT;****** ******** ******* **************** **** * *******;+£15.00;+£107.15;
13/09/2024;PAYMENT;****** ******** ******* ********** **** * *******;+£85.00;+£92.15;
13/09/2024;CARD PAYMENT;***** *** **** **** ***** ***** ** **********;-£3.40;+£7.15;
13/09/2024;CARD PAYMENT;**** ** ********** **** ***** ***** ** **********;-£13.58;+£10.55;
13/09/2024;CARD PAYMENT;****************** **** ***** ***** ** **********;-£2.00;+£24.13;
12/09/2024;CARD PAYMENT;****** ******** ****** **** ***** ***** ** **********;-£2.00;+£26.13;
12/09/2024;CARD PAYMENT;****************** **** ***** ***** ** **********;-£2.00;+£28.13;
12/09/2024;CARD PAYMENT;********* **** *** **** ***** ***** ** **********;-£23.29;+£30.13;
12/09/2024;CARD PAYMENT;***** **** ******* **** ***** ***** ** **********;-£2.10;+£53.42;
12/09/2024;CARD PAYMENT;***** ****** **** **** ***** ***** ** **********;-£3.60;+£55.52;
11/09/2024;PAYMENT;****** ******** ******* ******* ******** **** * *******;+£5.50;+£59.12;
11/09/2024;CARD PAYMENT;****************** **** ***** ***** ** **********;-£2.00;+£53.62;
11/09/2024;PAYMENT;****** ******** ******* ********* **** * *******;+£50.00;+£55.62;
11/09/2024;CARD PAYMENT;**** ******* ** **********   ** **********;-£19.43;+£5.62;
10/09/2024;PAYMENT;****** ******** ******* ************ **** * *******;+£20.00;+£25.05;
10/09/2024;CARD PAYMENT;****** ******** ****** **** ***** ***** ** **********;-£2.00;+£5.05;
10/09/2024;CARD PAYMENT;******** **** ******* **** ***** ***** ** **********;-£2.10;+£7.05;
10/09/2024;CARD PAYMENT;****************** **** ***** ***** ** **********;-£4.00;+£9.15;
10/09/2024;CARD PAYMENT;**** ** ********** **** ***** ***** ** **********;-£5.74;+£13.15;
09/09/2024;PAYMENT;****** ******** ******* **************** **** * *******;+£10.00;+£18.89;
09/09/2024;CARD PAYMENT;***** *** **** **** ***** ***** ** **********;-£6.50;+£8.89;
09/09/2024;CARD PAYMENT;****************** **** ***** ***** ** **********;-£2.00;+£15.39;
08/09/2024;CARD PAYMENT;********** ****** **** ***** ***** ** **********;-£3.30;+£17.39;
08/09/2024;CARD PAYMENT;***** ****** ******** **** ***** ***** ** **********;-£4.80;+£20.69;
08/09/2024;CARD PAYMENT;******** ******* *** **** ***** ***** ** **********;-£21.00;+£25.49;
08/09/2024;CARD PAYMENT;**** ******* ** ******* ** ****** *** ****** **** **** ********** ** **********;-£41.90;+£46.49;
07/09/2024;PAYMENT;****** ******** ******* ********* **** * *******;+£50.00;+£88.39;
07/09/2024;CARD PAYMENT;**** ******* ** ******** *****   ** **********;-£19.57;+£38.39;
07/09/2024;CARD PAYMENT;***** ***** ****** **** ***** ***** ** **********;-£2.75;+£57.96;
07/09/2024;CARD PAYMENT;****************** **** ***** ***** ** **********;-£4.00;+£60.71;
07/09/2024;CARD PAYMENT;**** ******* ** **** *****   ** **********;-£13.91;+£64.71;
07/09/2024;CARD PAYMENT;**** ** ********** **** ***** ***** ** **********;-£15.36;+£78.62;
07/09/2024;CARD PAYMENT;****************** **** ***** ***** ** **********;-£2.00;+£93.98;
07/09/2024;CARD PAYMENT;**** ******* ** ****** ****   ** **********;-£4.99;+£95.98;
06/09/2024;PAYMENTS;**** ******* *** ****** ******* ** ****** * ******* ********* ******* * ******* ** **;-£800.00;+£100.97;
06/09/2024;CARD PAYMENT;****************** **** ***** ***** ** **********;-£4.00;+£900.97;
06/09/2024;CARD PAYMENT;***** *** **** **** ***** ***** ** **********;-£3.10;+£904.97;
06/09/2024;PAYMENT;****** ******** ******* *********** **** ***** ******;+£5.00;+£908.07;
05/09/2024;CARD PAYMENT;***** ***** ****** **** ***** ***** ** **********;-£2.75;+£903.07;
05/09/2024;CARD PAYMENT;****************** **** ***** ***** ** **********;-£2.00;+£905.82;
05/09/2024;CARD PAYMENT;**** ** ********** **** ***** ***** ** **********;-£24.79;+£907.82;
04/09/2024;CARD PAYMENT;********* **** ***** ***** ** **********;-£7.69;+£932.61;
04/09/2024;CARD PAYMENT;******* *** **** * **** ***** ***** ** **********;-£13.95;+£940.30;
04/09/2024;CARD PAYMENT;**** ****** **** ***** ***** ** **********;-£39.50;+£954.25;
04/09/2024;CARD PAYMENT;****************** **** ***** ***** ** **********;-£4.00;+£993.75;
04/09/2024;CARD PAYMENT;********** ******** **** ***** ***** ** **********;-£9.90;+£997.75;
04/09/2024;CARD PAYMENT;****************** **** ***** ***** ** **********;-£2.00;+£1007.65;

Arranged overdraft limit;04/10/2025;+£2000.00;
